@INPROCEEDINGS{6925681,
  author={Abbott, Malcolm D. and Poplavskyy, Dmitry and Scardera, Giuseppe and Inns, Daniel and Lemmi, Francesco and McIntosh, Keith R. and Baker-Finch, Simeon C.},
  booktitle={2014 IEEE 40th Photovoltaic Specialist Conference (PVSC)}, 
  title={Iron contamination in silicon solar cell production environments}, 
  year={2014},
  volume={},
  number={},
  pages={3479-3484},
  keywords={Iron;Contamination;Photovoltaic cells;Silicon;Production;Pollution measurement;Computer architecture;contamination;defects;recombination;manufacturing;photovoltaic cells;silicon},
  doi={10.1109/PVSC.2014.6925681}}
