@ARTICLE{7112453,
  author={Fell, Andreas and McIntosh, Keith R. and Altermatt, Pietro P. and Janssen, Gaby J. M. and Stangl, Rolf and Ho-Baillie, Anita and Steinkemper, Heiko and Greulich, Johannes and MÃ¼ller, Matthias and Min, Byungsul and Fong, Kean C. and Hermle, Martin and Romijn, Ingrid G. and Abbott, Malcolm D.},
  journal={IEEE Journal of Photovoltaics}, 
  title={Input Parameters for the Simulation of Silicon Solar Cells in 2014}, 
  year={2015},
  volume={5},
  number={4},
  pages={1250-1263},
  keywords={Photovoltaic cells;Silicon;Resistance;Computer architecture;Standards;Surface morphology;Radiative recombination;Photovoltaic (PV) cells;semiconductor device modeling;silicon solar cells;solar cell simulation;Photovoltaic (PV) cells;semiconductor device modeling;silicon solar cells;solar cell simulation},
  doi={10.1109/JPHOTOV.2015.2430016}}
