@ARTICLE{10313087,
  author={Liu, Hongliang and Xiang, Ling and Liu, Qing and Gao, Peng and Zhang, Yong and Li, Shuti and Gao, Fangliang},
  journal={IEEE Journal of Photovoltaics}, 
  title={Toward High-Performance HTL-Free All-Perovskite Tandem Solar Cells: SCAPS Simulation}, 
  year={2024},
  volume={14},
  number={1},
  pages={59-64},
  keywords={Perovskites;Photovoltaic cells;Doping;Photonic band gap;Absorption;Photovoltaic systems;Performance evaluation;1-D solar cell capacitance simulator (SCAPS-1D);all-perovskite tandem solar cells;hole-transporting layer free (HTL-free) perovskite solar cells (PSCs)},
  doi={10.1109/JPHOTOV.2023.3328690}}
