% This file was created with JabRef 2.9.2.
% Encoding: Cp1251

@ARTICLE{Aboelfotoh,
  author = {M.O. Aboelfotoh},
  title = {Electrical characteristics of {W}--{S}i(100) {S}chottky barrier junctions},
  journal = {J. Appl. Phys.},
  year = {1989},
  volume = {66},
  pages = {262--272},
  number = {1},
  month = {Jul},
  doi = {10.1063/1.343867},
  owner = {oleg},
  timestamp = {2014.11.03}
}

@ARTICLE{Abu-Samaha,
  author = {Abu-Samaha, F. S. and Darwish, A. A. A. and Mansour, A. N.},
  title = {Temperature dependent of the current-–voltage ({I}–{V}) characteristics
	of {T}a{S}i$_2$/$n-${S}i structure},
  journal = {Mater. Sci. Semicond. Process.},
  year = {2013},
  volume = {16},
  pages = {1988--1991},
  number = {6},
  month = {Dec},
  doi = {10.1016/j.mssp.2013.07.036},
  owner = {oleg},
  timestamp = {2015.11.30}
}

@ARTICLE{Aldemir,
  author = {Durmus Ali Aldemir and Ali Kokce and Ahmet Faruk Ozdemir},
  title = {Temperature dependent ideality factor and barrier height of Ni/n-GaAs/In
	Schottky diodes},
  journal = {Microelectron. Eng.},
  year = {2012},
  volume = {98},
  pages = {6--11},
  month = {Oct},
  doi = {10.1016/j.mee.2012.04.012},
  owner = {oleg},
  timestamp = {2014.11.03}
}

@ARTICLE{Andrews,
  author = {Andrews, J.M. and Lepselter, M.P.},
  title = {Reverse current-voltage characteristics of metal-silicide {S}chottky
	diodes},
  journal = {Solid-State Electron.},
  year = {1970},
  volume = {13},
  pages = {1011--1023},
  number = {7},
  month = {Jule},
  doi = {10.1016/0038-1101(70)90098-5},
  owner = {oleg},
  timestamp = {2016.06.21}
}

@ARTICLE{Aubry,
  author = {V. Aubry and F. Meyer},
  title = {Schottky diodes with high series resistance: Limitations of forward
	I--V methods},
  journal = {J. Appl. Phys.},
  year = {1994},
  volume = {76},
  pages = {7973--7984},
  number = {12},
  month = {Dec},
  doi = {10.1063/1.357909},
  owner = {Admin},
  timestamp = {2015.01.09}
}

@ARTICLE{Bhat,
  author = {Bhat, Sathyanarayana and Rao, Asha and Krishnan, Sheeja and Sanjeev,
	Ganesh and Puthanveettil, Suresh E.},
  title = {A study on the variation of c-Si solar cell parameters under 8 MeV
	electron irradiation},
  journal = {Solar Energy Materials \& Solar Cells},
  year = {2014},
  volume = {120},
  pages = {191--196},
  month = {Jan},
  part = {A},
  doi = {10.1016/j.solmat.2013.08.043},
  owner = {Admin},
  timestamp = {2017.01.05}
}

@ARTICLE{Bohlin,
  author = {K. E. Bohlin},
  title = {Generalized Norde plot including determination of the ideality factor},
  journal = {J. Appl. Phys.},
  year = {1986},
  volume = {60},
  pages = {1223--1224},
  number = {3},
  month = {Aug},
  doi = {10.1063/1.337372},
  owner = {oleg},
  timestamp = {2014.12.25}
}

@ARTICLE{LID:BothePP,
  author = {Bothe, Karsten and Sinton, Ron and Schmidt, Jan},
  title = {Fundamental boron--oxygen-related carrier lifetime limit in mono-
	and multicrystalline silicon},
  journal = {Progress in Photovoltaics: Research and Applications},
  year = {2005},
  volume = {13},
  pages = {287--296},
  number = {4},
  month = {June},
  doi = {10.1002/pip.586},
  owner = {Admin},
  timestamp = {2017.01.05}
}

@ARTICLE{Brailsford,
  author = {A. D. Brailsford},
  title = {Abrupt-Kink Model of Dislocation Motion},
  journal = {Phys. Rev.},
  year = {1961},
  volume = {122},
  pages = {778--786},
  number = {3},
  month = {May},
  doi = {10.1103/PhysRev.122.778},
  owner = {oleg},
  timestamp = {2015.04.15}
}

@ARTICLE{Bulyarskii2001,
  author = {S. V. Bulyarskii and A. V. Zhukov},
  title = {An analysis of the charge-transport mechanisms defining the reverse
	current-voltage characteristics of the metal-{G}a{A}s barriers},
  journal = {Semiconductors},
  year = {2001},
  volume = {35},
  pages = {539--542},
  number = {5},
  month = {May},
  doi = {10.1134/1.1371618},
  owner = {Admin},
  timestamp = {2014.01.31}
}

@ARTICLE{Ostapenko1994,
  author = {Buyanova, I. A. and Ostapenko, S. S. and Sheinkman, M. K. and Murrikov,
	M.},
  title = {Ultrasound regeneration of {EL}2 centres in {G}a{A}s},
  journal = {Semicond. Sci. Technol.},
  year = {1994},
  volume = {9},
  pages = {158--162},
  number = {2},
  month = {Feb},
  doi = {10.1088/0268-1242/9/2/005},
  owner = {oleg},
  timestamp = {2015.11.23}
}

@ARTICLE{Buyukkose:2013,
  author = {S. Buyukkose and B. Vratzov and J. van der Veen and P. V. Santos
	and W. G. van der Wiel},
  title = {Ultrahigh-frequency surface acoustic wave generation for acoustic
	charge transport in silicon},
  journal = {Appl. Phys. Lett.},
  year = {2013},
  volume = {102},
  pages = {013112},
  number = {1},
  month = {Jan},
  doi = {10.1063/1.4774388},
  owner = {oleg},
  timestamp = {2014.10.28}
}

@ARTICLE{Em:Chand,
  author = {Chand, Subhash and Kumar, Jitendra},
  title = {Current-voltage characteristics and barrier parameter of {P}d$_2${S}i/p--{S}i(111)
	{S}chottky diodes in a wide temperature range},
  journal = {Semicond. Sci. Technol.},
  year = {1995},
  volume = {10},
  pages = {1680--1688},
  number = {12},
  month = {Dec},
  doi = {10.1088/0268-1242/10/12/019},
  owner = {oleg},
  timestamp = {2015.12.15}
}

@BOOK{Cheeke,
  title = {Fundamentals and Applications of Ultrasonic Waves},
  publisher = {CRC Press LLC},
  year = {2002},
  author = {Cheeke, J. David N.},
  owner = {Admin},
  timestamp = {2015.01.05}
}

@ARTICLE{Cheung,
  author = {Cheung, S.K. and Cheung, N. W.},
  title = {Extraction of Schottky diode parameters from forward current-voltage
	characteristics},
  journal = {Appl. Phys. Lett.},
  year = {1986},
  volume = {49},
  pages = {85--87},
  number = {2},
  month = {Jul},
  doi = {10.1063/1.97359},
  owner = {Admin},
  timestamp = {2014.12.28}
}

@ARTICLE{Cibils,
  author = {Roberto M. Cibils and Roman H. Buitrago},
  title = {forward /-V plot for nonideal Schottky diodes with high series resistance},
  journal = {J. Appl. Phys.},
  year = {1985},
  volume = {58},
  pages = {1075--1077},
  number = {2},
  month = {Jul},
  doi = {10.1063/1.336222},
  owner = {oleg},
  timestamp = {2014.12.25}
}

@ARTICLE{Davletova2009,
  author = {Davletova, A. and Karazhanov, S. Zh.},
  title = {A study of electrical properties of dislocation engineered {S}i processed
	by ultrasound},
  journal = {Journal of Physics and Chemistry of Solids},
  year = {2009},
  volume = {70},
  pages = {989--992},
  number = {6},
  month = {June},
  doi = {10.1016/j.jpcs.2009.05.009},
  owner = {Admin},
  timestamp = {2014.01.31}
}

@ARTICLE{Davletova2008,
  author = {A. Davletova and S. Zh. Karazhanov},
  title = {Open-circuit voltage decay transient in dislocation-engineered {S}i
	p–-n junction},
  journal = {Journal of Physics D: Applied Physics},
  year = {2008},
  volume = {41},
  pages = {165107},
  number = {16},
  month = {Aug},
  doi = {10.1088/0022-3727/41/16/165107},
  owner = {oleg},
  timestamp = {2014.10.28}
}

@ARTICLE{Dermircioglu:Norde,
  author = {Dermircioglu, O. and Karatas, S. and Yildirim, N. and Bakkaloglu,
	O.F.},
  title = {Effects of temperature on series resistance determination of electrodeposited
	Cr/n--Si/Au---Sb Schottky structures},
  journal = {Microelectron. Eng.},
  year = {2011},
  volume = {88},
  pages = {2997--3002},
  number = {9},
  month = {Sep},
  doi = {10.1016/j.mee.2011.04.060},
  owner = {Admin},
  timestamp = {2015.01.12}
}

@ARTICLE{OstapSC,
  author = {Dirnstorfer, I. and Burkhardt, W. and Meyer, B. K. and Ostapenko,
	S. and Karg, F.},
  title = {Effect of ultrasound treatment on CuInSe$_2$ solar cells},
  journal = {Solid State Commun.},
  year = {2000},
  volume = {116},
  pages = {87--91},
  number = {2},
  month = {Sep},
  doi = {10.1016/S0038-1098(00)00276-3},
  owner = {oleg},
  timestamp = {2015.04.20}
}

@ARTICLE{Rs:Dokme,
  author = {Ilbilge Dokme and Semsettin Altindal},
  title = {On the intersecting behaviour of experimental forward bias current–voltage
	(I–V) characteristics of Al/SiO$_2$/p-Si (MIS) Schottky diodes at
	low temperatures},
  journal = {Semicond. Sci. Technol.},
  year = {2006},
  volume = {21},
  pages = {1053--1058},
  number = {8},
  month = {Aug},
  doi = {10.1088/0268-1242/21/8/012},
  owner = {Admin},
  timestamp = {2015.02.17}
}

@ARTICLE{Donoval,
  author = {Donoval, D. and de Sousa Pires, J. and Tove, P.A. and Harman, R.},
  title = {A self consistent approach to IV-measurements on rectifying metal--semiconductor
	contacts},
  journal = {Solid-State Electron.},
  year = {1989},
  volume = {32},
  pages = {961--964},
  number = {11},
  month = {Nov},
  doi = {10.1016/0038-1101(89)90156-1},
  owner = {Admin},
  timestamp = {2015.01.09}
}

@ARTICLE{Durmus,
  author = {Haziret Durmus and Ulfet Atav},
  title = {Extraction of voltage-dependent series resistance from I--V characteristics
	of Schottky diodes},
  journal = {Appl. Phys. Lett.},
  year = {2011},
  volume = {99},
  pages = {093505},
  number = {9},
  month = {Aug},
  doi = {10.1063/1.3633116},
  owner = {Admin},
  timestamp = {2015.01.09}
}

@ARTICLE{Bahar2003,
  author = {A. El-Bahar and S. Stolyarova and A. Chack and R. Weil and R. Beserman
	and Y. Nemirovsky},
  title = {Ultrasound treatment for porous silicon photoluminescence enhancement},
  journal = {Phys. Stat. Sol. (a)},
  year = {2003},
  volume = {197},
  pages = {340--344},
  number = {2},
  month = {May},
  doi = {10.1002/pssa.200306521},
  owner = {Admin},
  timestamp = {2014.01.31}
}

@ARTICLE{Evangelou,
  author = {Evangelou, E.K. and Papadimitriou, L. and Dimitriades, C.A. and Giakoumakis,
	G.E.},
  title = {Extraction of Schottky diode (and p--n junction) parameters from
	I--V characteristics},
  journal = {Solid-State Electron.},
  year = {1993},
  volume = {36},
  pages = {1633--1635},
  number = {11},
  month = {Nov},
  doi = {10.1016/0038-1101(93)90037-Q},
  owner = {Admin},
  timestamp = {2015.01.09}
}

@ARTICLE{Ferhat,
  author = {Ferhat-Hamida, A. and Ouennoughi, Z. and Hoffmann, A. and Weiss,
	R.},
  title = {Extraction of Schottky diode parameters including parallel conductance
	using a vertical optimization method},
  journal = {Solid-State Electron.},
  year = {2002},
  volume = {46},
  pages = {615--619},
  number = {5},
  month = {May},
  doi = {10.1016/S0038-1101(01)00337-9},
  owner = {Admin},
  timestamp = {2015.01.09}
}

@ARTICLE{Gammon2012,
  author = {P. M. Gammon and E. Donchev and A. Perez-Tomas and V. A. Shah and
	J. S. Pang and P. K. Petrov and M. R. Jennings and C. A. Fisher and
	P. A. Mawby and D. R. Leadley and N. McN. Alford},
  title = {A study of temperature-related non-linearity at the metal-silicon
	interface},
  journal = {J. Appl. Phys.},
  year = {2012},
  volume = {112},
  pages = {114513},
  number = {11},
  month = {Dec},
  doi = {10.1063/1.4768718},
  owner = {oleg},
  timestamp = {2014.11.04}
}

@ARTICLE{Gammon2013,
  author = {P. M. Gammon and A. Perez-Tomas and V. A. Shah and O. Vavasour and
	E. Donchev and J. S. Pang and M. Myronov and C. A. Fisher and M.
	R. Jennings and D. R. Leadley and P. A. Mawby},
  title = {Modelling the inhomogeneous SiC Schottky interface},
  journal = {J. Appl. Phys.},
  year = {2013},
  volume = {114},
  pages = {223704},
  number = {22},
  month = {Dec},
  doi = {10.1063/1.4842096]},
  owner = {oleg},
  timestamp = {2014.11.07}
}

@ARTICLE{Ganichev:2000,
  author = {S. D. Ganichev and E. Ziemann and W. Prettl and I. N. Yassievichand
	and A. A. Istratov and E. R. Weber},
  title = {Distinction between the {P}oole-{F}renkel and tunneling models of
	electric-field-stimulated carrier emission from deep levels in semiconductors},
  journal = {Phys. Rev. B},
  year = {2000},
  volume = {61},
  pages = {10361--10365},
  number = {15},
  month = {Apr},
  doi = {10.1103/PhysRevB.61.10361},
  owner = {Admin},
  timestamp = {2014.01.31}
}

@ARTICLE{Gorb2010,
  author = {Gorb, A.M. and Korotchenkov, O.A. and Olikh, O.Ya and Podolian, A.O.},
  title = {Ultrasonically Recovered Performance of $\gamma-$Irradiated Metal-Silicon
	Structures},
  journal = {IEEE Trans. Nucl. Sci.},
  year = {2010},
  volume = {57},
  pages = {1632--1639},
  number = {3},
  month = {June},
  doi = {10.1109/TNS.2010.2047655},
  owner = {Admin},
  timestamp = {2014.01.31}
}

@ARTICLE{GreenOptic,
  author = {Green, Martin A.  and  Keevers, Mark  J.},
  title = {Optical properties of intrinsic silicon at 300 K},
  journal = {Progress in Photovoltaics: Research and Applications},
  year = {1995},
  volume = {3},
  pages = {189--192},
  number = {3},
  doi = {10.1002/pip.4670030303},
  owner = {oleg},
  timestamp = {2017.01.11}
}

@ARTICLE{Gromov,
  author = {D. Gromov and V. Pugachevich},
  title = {Modified methods for the calculation of real Schottky-diode parameters},
  journal = {Appl. Phys. A},
  year = {1994},
  volume = {59},
  pages = {331--333},
  number = {3},
  month = {Sep},
  doi = {10.1007/BF00348239},
  owner = {oleg},
  timestamp = {2014.01.29}
}

@ARTICLE{Gullu:2008,
  author = {Gullu, O. and Cankaya, M. and Biber, M. and Turut, A.},
  title = {Gamma irradiation-induced changes at the electrical characteristics
	of organic-based {S}chottky structures},
  journal = {J Phys D: Appl Phys},
  year = {2008},
  volume = {41},
  pages = {135103},
  number = {13},
  month = {July},
  doi = {10.1088/0022-3727/41/13/135103},
  owner = {Admin},
  timestamp = {2014.01.31}
}

@ARTICLE{YOlikh2007TPL,
  author = {Guseynov, N.A. and Olikh, Ya.M. and Askerov, Sh.G.},
  title = {Ultrasonic treatment restores the photoelectric parameters of silicon
	solar cells degraded under the action of $^{60}${C}o gamma radiation},
  journal = {Tech. Phys. Lett.},
  year = {2007},
  volume = {33},
  pages = {18--21},
  number = {1},
  month = {Jan},
  doi = {10.1134/S1063785007010063},
  owner = {Admin},
  timestamp = {2014.01.31}
}

@ARTICLE{He:2010,
  author = {Jian-Hong He and Jie Gao and Hua-Zhong Guo},
  title = {Correlated electron transport assisted by surface acoustic waves
	in micron-separated quasi-one-dimensional channels},
  journal = {Appl. Phys. Lett.},
  year = {2010},
  volume = {97},
  pages = {122107},
  number = {12},
  month = {Sep},
  doi = {10.1063/1.3491287},
  owner = {oleg},
  timestamp = {2014.10.28}
}

@ARTICLE{PID:PP,
  author = {Stephan Hoffmann and Michael Koehl},
  title = {Effect of humidity and temperature on the potential-induced degradation},
  journal = {Progress in Photovoltaics: Research and Applications},
  year = {2012},
  volume = {22},
  pages = {173--179},
  number = {2},
  month = {Feb},
  doi = {10.1002/pip.2238},
  owner = {Admin},
  timestamp = {2017.01.05}
}

@ARTICLE{Referi1,
  author = {Huaguo, Liang and Hui, Xu and Zhengfeng, Huang and Maoxiang, Yi},
  title = {Low--leakage and {NBTI}--mitigated {N} -type domino logic},
  journal = {Journal of Semiconductors},
  year = {2014},
  volume = {35},
  pages = {015009},
  number = {1},
  month = {Jan},
  doi = {10.1088/1674-4926/35/1/015009},
  owner = {Admin},
  timestamp = {2016.06.10}
}

@ARTICLE{P-DE_Ishaque,
  author = {Kashif Ishaque and Zainal Salam and Hamed Taheri and Amir Shamsudin},
  title = {A critical evaluation of EA computational methods for Photovoltaic
	cell parameter extraction based on two diode model},
  journal = {Solar Energy},
  year = {2011},
  volume = {85},
  pages = {1768--1779},
  number = {9},
  month = {Sep},
  doi = {10.1016/j.solener.2011.04.015},
  owner = {oleg},
  timestamp = {2014.12.25}
}

@ARTICLE{Iucolano2007APL,
  author = {F. Iucolano and F. Roccaforte and F. Giannazzo and V. Raineri},
  title = {Temperature behavior of inhomogeneous {P}t/{G}a{N} {S}chottky contacts},
  journal = {Appl. Phys. Lett.},
  year = {2007},
  volume = {90},
  pages = {092119},
  number = {9},
  month = {Feb},
  doi = {10.1063/1.2710770},
  owner = {Admin},
  timestamp = {2014.01.31}
}

@ARTICLE{Iucolano2007JAP,
  author = {Ferdinando Iucolano and Fabrizio Roccaforte and Filippo Giannazzo
	and Vito Raineri},
  title = {Barrier inhomogeneity and electrical properties of Pt /GaN Schottky
	contacts},
  journal = {J. Appl. Phys.},
  year = {2007},
  volume = {102},
  pages = {113701},
  number = {11},
  month = {Dec},
  doi = {10.1063/1.2817647},
  owner = {ooleg},
  timestamp = {2015.01.06}
}

@ARTICLE{Em:Ivanov,
  author = {Ivanov, P. A. and Grekhov, I. V. and Kon’kov, O. I. and Potapov,
	A. S. and Samsonova, T. P. and Semenov, T. V.},
  title = {$I-V$ characteristics of high-voltage 4{H}-{S}i{C} diodes with a
	1.1-eV Schottky barrier},
  journal = {Semiconductors},
  year = {2011},
  volume = {45},
  pages = {1374--1377},
  number = {10},
  month = {Oct},
  doi = {10.1134/S1063782611100095},
  owner = {oleg},
  timestamp = {2015.12.15}
}

@ARTICLE{Jafar,
  author = {M M Abdul-Gader Jafar},
  title = {High-bias current--voltage--temperature characteristics of undoped
	rf magnetron sputter deposited boron carbide ({B}$_5${C})/p--type
	crystalline silicon heterojunctions},
  journal = {Semicond. Sci. Technol.},
  year = {2003},
  volume = {18},
  pages = {7--22},
  number = {1},
  month = {Jan},
  doi = {10.1088/0268-1242/18/1/302},
  owner = {oleg},
  timestamp = {2015.11.30}
}

@ARTICLE{LambertSC_Jain,
  author = {Amit Jain and Avinashi Kapoor},
  title = {A new method to determine the diode ideality factor of real solar
	cell using Lambert W-function},
  journal = {Sol. Energy Mater. Sol. Cells},
  year = {2005},
  volume = {85},
  pages = {391--396},
  number = {3},
  month = {Jan},
  doi = {10.1016/j.solmat.2004.05.022},
  owner = {oleg},
  timestamp = {2014.12.25}
}

@ARTICLE{Jiang:DG,
  author = {Yu-Long Jiang and Guo-Ping Ru and Fang Lu and Xin-Ping Qu and Bing-Zong
	Li and Wei Li and Ai-Zhen Li},
  title = {Schottky Barrier Height Inhomogeneity of Ti/n-GaAs Contact Studied
	by the I-V-T Technique},
  journal = {Chin. Phys. Lett.},
  year = {2002},
  volume = {19},
  pages = {553--556},
  number = {4},
  month = {Apr},
  doi = {10.1088/0256-307X/19/4/332},
  owner = {oleg},
  timestamp = {2014.11.05}
}

@ARTICLE{Jiang:DGJap,
  author = {Yu-Long Jiang and Guo-Ping Ru and Fang Lu and Xin-Ping Qu and Bing-Zong
	Li and Simon Yang},
  title = {Ni/Si solid phase reaction studied by temperature-dependent current-voltage
	technique},
  journal = {J. Appl. Phys.},
  year = {2003},
  volume = {93},
  pages = {866--870},
  number = {2},
  month = {Jan},
  doi = {10.1063/1.1527714},
  owner = {oleg},
  timestamp = {2014.11.05}
}

@ARTICLE{Roman:2010JAP,
  author = {M. Jivanescu and A. Romanyuk and A. Stesmans},
  title = {Influence of in suti applied ultrasound during {S}i$^+$ implantation
	in {S}iO$_2$ on paramagnetic defect generation},
  journal = {J. Appl. Phys.},
  year = {2010},
  volume = {107},
  pages = {114307},
  number = {11},
  month = {June},
  doi = {10.1063/1.3369041},
  owner = {Admin},
  timestamp = {2014.01.31}
}

@ARTICLE{Lambert_Jung,
  author = {W. Jung and M. Guziewicz},
  title = {Schottky diode parameters extraction using Lambert W function},
  journal = {Materials Science and Engineering B},
  year = {2009},
  volume = {165},
  pages = {57--59},
  number = {1--2},
  month = {Nov},
  doi = {10.1016/j.mseb.2009.02.013},
  owner = {oleg},
  timestamp = {2014.12.25}
}

@ARTICLE{Kaminski,
  author = {Kaminski, A. and Marchand, J.J. and Laugier, A.},
  title = {I-V methods to extract junction parameters with special emphasis
	on low series resistance},
  journal = {Solid-State Electron.},
  year = {1999},
  volume = {43},
  pages = {741--745},
  number = {4},
  month = {Apr},
  doi = {10.1016/S0038-1101(98)00338-4},
  owner = {oleg},
  timestamp = {2014.12.25}
}

@ARTICLE{Rs:Kang,
  author = {Kang, W. P. and Davidson, J. L. and Gurbuz, Y. and Kerns, D. V.},
  title = {Temperature dependence and effect of series resistance on the electrical
	characteristics of a polycrystalline diamond metal--insulator--semiconductor
	diode},
  journal = {J. Appl. Phys.},
  year = {1995},
  volume = {78},
  pages = {1101--1107},
  number = {2},
  month = {Jul},
  doi = {10.1063/1.360343},
  owner = {Admin},
  timestamp = {2015.01.10}
}

@ARTICLE{MABC,
  author = {Nurhan Karaboga and Serdar Kockanat and Hulya Dogan},
  title = {The parameter extraction of the thermally annealed Schottky barrier
	diode using the modified artificial bee colony},
  journal = {Appl. Intell.},
  year = {2013},
  volume = {38},
  pages = {279--288},
  number = {3},
  month = {Apr},
  doi = {10.1007/s10489-012-0372-x},
  owner = {oleg},
  timestamp = {2014.10.30}
}

@ARTICLE{Karatas:2006NIMA,
  author = {Karatas, S. and Turut, A.},
  title = {Electrical properties of {S}n/p-{S}i ({MS}) {S}chottky barrier diodes
	to be exposed to $^{60}${C}o $\gamma-$ray source},
  journal = {Nucl. Instrum. Methods Phys. Res., Sect. A},
  year = {2006},
  volume = {566},
  pages = {584--589},
  number = {2},
  month = {Oct},
  doi = {10.1016/j.nima.2006.07.054},
  owner = {Admin},
  timestamp = {2014.01.31}
}

@ARTICLE{Karatas:2005NIMA,
  author = {Karatas, S. and Turut , A. and Altindal, S.},
  title = {Effects of $^{60}${C}o $\gamma-$ray irradiation on the electrical
	characteristics of {A}u/n--{G}a{A}s ({MS}) structures},
  journal = {Nucl. Instrum. Methods Phys. Res., Sect. A},
  year = {2005},
  volume = {555},
  pages = {260--265},
  number = {1--2},
  month = {Dec},
  doi = {10.1016/j.nima.2005.09.017},
  owner = {Admin},
  timestamp = {2014.01.31}
}

@ARTICLE{Karazhanov,
  author = {S. Zh. Karazhanov},
  title = {Mechanism for the anomalous degradation of silicon space solar cells},
  journal = {Applied Physics Letters},
  year = {2000},
  volume = {76},
  pages = {2689--2691},
  number = {19},
  month = {May},
  doi = {10.1063/1.126445},
  owner = {Admin},
  timestamp = {2017.01.05}
}

@ARTICLE{Kiveris,
  author = {Kiveris, A. and Kudzmauskas, S. and Pipinys, P.},
  title = {Release of Electrons from Traps by an Electric Field with Phonon
	Participation},
  journal = {Phys. Stat. Sol. (a)},
  year = {1976},
  volume = {37},
  pages = {321--327},
  number = {1},
  month = {Sep},
  doi = {10.1002/pssa.2210370140},
  owner = {Admin},
  timestamp = {2016.06.20}
}

@ARTICLE{Korkut,
  author = {H. Korkut and N. Yildirim and A. Turut},
  title = {Temperature-dependent current–voltage characteristics of Cr/n-GaAs
	Schottky diodes},
  journal = {Microelectron. Eng.},
  year = {2009},
  volume = {86},
  pages = {111–-116},
  number = {1},
  month = {Jan},
  doi = {10.1016/j.mee.2008.10.005},
  owner = {oleg},
  timestamp = {2014.11.04}
}

@ARTICLE{Korotchenkov1995,
  author = {O.A. Korotchenkov and H.G. Grimmliss},
  title = {Long-wavelength acoustic-mode-enhanced electron emission from {S}e
	and {T}e donors in silicon},
  journal = {Physical Review B},
  year = {1995},
  volume = {52},
  pages = {14598--14606},
  number = {20},
  month = {Nov},
  doi = {10.1103/PhysRevB.52.14598},
  owner = {Admin},
  timestamp = {2014.01.31}
}

@ARTICLE{Korucu2013,
  author = {Demet Korucu and Abdulmecit Turut and Hasan Efeoglu},
  title = {Temperature dependent {I}--{V} characteristics of an {A}u/n-{G}a{A}s
	{S}chottky diode analyzed using {T}ung’s model},
  journal = {Physica B},
  year = {2013},
  volume = {414},
  pages = {35--41},
  month = {Apr},
  doi = {10.1016/j.physb.2013.01.010},
  owner = {Admin},
  timestamp = {2014.01.31}
}

@ARTICLE{Krevchik,
  author = {Krevchik, V. D. and Muminov, R. A. and Yafasov, A. Ya.},
  title = {Influence of ultrasound on ionic diffusion process in semiconductors},
  journal = {phys. stat. sol. (a)},
  year = {1981},
  volume = {63},
  pages = {K159--K162},
  number = {2},
  month = {Feb},
  doi = {10.1002/pssa.2210630254},
  owner = {oleg},
  timestamp = {2015.04.15}
}

@ARTICLE{Kulakova:2012SSC,
  author = {Liudmila Kulakova and Vladislav Gorelov and Andrey Lutetskiy and
	Nikita S. Averkiev},
  title = {The rotation of the polarization plane of quantum-well heterolasers
	emission under the ultrasonic strain},
  journal = {Solid State Commun.},
  year = {2012},
  volume = {152},
  pages = {1690--1693},
  number = {17},
  month = {Sept},
  doi = {10.1016/j.ssc.2012.04.065},
  owner = {Admin},
  timestamp = {2014.08.20}
}

@ARTICLE{KumarJAP2012,
  author = {Ashutosh Kumar and K. Asokan and V. Kumar and R. Singh},
  title = {Temperature dependence of 1/f noise in Ni/n-GaN Schottky barrier
	diode},
  journal = {J. Appl. Phys.},
  year = {2012},
  volume = {112},
  pages = {024507},
  number = {12},
  month = {Jul},
  doi = {/10.1063/1.4737258},
  owner = {oleg},
  timestamp = {2014.11.05}
}

@ARTICLE{VRH:Lee,
  author = {Lee, Chang Hyun and Lim, Koeng Su},
  title = {Carrier transport through boron-doped amorphous diamond-like carbon
	p layer of amorphous silicon based p--i--n solar cells},
  journal = {Appl. Phys. Lett.},
  year = {1999},
  volume = {75},
  pages = {569--571},
  number = {4},
  month = {Jul},
  doi = {10.1063/1.124444},
  owner = {oleg},
  timestamp = {2015.11.30}
}

@ARTICLE{T0:Lee,
  author = {Lee, T. C. and Chen, T. P. and Au, H. L. and Fung, S. and Beling,
	C. D.},
  title = {Temperature dependence of the ideality factor of GaAs and Si schottky
	diodes},
  journal = {Phys. Stat. Sol. (a)},
  year = {1995},
  volume = {152},
  pages = {563--571},
  number = {2},
  month = {Dec},
  doi = {10.1002/pssa.2211520225},
  owner = {Admin},
  timestamp = {2015.01.10}
}

@ARTICLE{Lee,
  author = {Lee, T. C. and Fung, S. and Beling, C.D. and Au, H.L.},
  title = {A systematic approach to the measurement of ideality factor, series
	resistance, and barrier height for Schottky diodes},
  journal = {J. Appl. Phys.},
  year = {1992},
  volume = {72},
  pages = {4739--4742},
  number = {10},
  month = {Nov},
  doi = {10.1063/1.352082},
  owner = {oleg},
  timestamp = {2014.12.25}
}

@ARTICLE{GA_Li,
  author = {Yiming Li},
  title = {An automatic parameter extraction technique for advanced CMOS device
	modeling using genetic algorithm},
  journal = {Microelectron. Eng.},
  year = {2007},
  volume = {84},
  pages = {260--272},
  number = {2},
  month = {Feb},
  doi = {10.1016/j.mee.2006.02.010},
  owner = {Admin},
  timestamp = {2015.01.09}
}

@ARTICLE{Lien,
  author = {Lien, C. D. and So, F.C.T. and Nicolet, M.A.},
  title = {An improved forward I-V method for nonideal Schottky diodes with
	high series resistance},
  journal = {IEEE Trans. Electron Devices},
  year = {1984},
  volume = {ED-31},
  pages = {1502--1503},
  number = {10},
  month = {Oct},
  doi = {10.1109/T-ED.1984.21739},
  owner = {Admin},
  timestamp = {2015.01.09}
}

@ARTICLE{MoWF2002,
  author = {Ronald Lin and Qiang Lu and Pushkar Ranade and Tsu-Jae King and Chenming
	Hu},
  title = {An Adjustable Work Function Technology Using Mo Gate for CMOS Devices},
  journal = {IEEE Electron Device Letters},
  year = {2002},
  volume = {23},
  pages = {49--51},
  number = {1},
  month = {Jan},
  doi = {10.1109/55.974809},
  owner = {Admin},
  timestamp = {2015.01.06}
}

@ARTICLE{LIDRev,
  author = {Lindroos, Jeanette and Savin, Hele},
  title = {Review of light-induced degradation in crystalline silicon solar
	cells},
  journal = {Solar Energy Materials \& Solar Cells},
  year = {2016},
  volume = {147},
  pages = {115--126},
  month = {Apr},
  doi = {http://dx.doi.org/10.1016/j.solmat.2015.11.047},
  owner = {Admin},
  timestamp = {2017.01.05}
}

@ARTICLE{Lukjanitsa,
  author = {Lukjanitsa, V. V.},
  title = {Energy levels of vacancies and interstitial atoms in the band gap
	of silicon},
  journal = {Semiconductors},
  year = {2003},
  volume = {37},
  pages = {404--413},
  number = {4},
  month = {Apr},
  doi = {10.1134/1.1568459},
  owner = {oleg},
  timestamp = {2016.06.21}
}

@ARTICLE{Lyakas,
  author = {Lyakas, M. and Zaharia, R. and Eizenberg, M.},
  title = {Analysis of nonideal Schottky and p--n junction diodes --- Extraction
	of parameters from I-–V plots},
  journal = {J. Appl. Phys.},
  year = {1995},
  volume = {78},
  pages = {5481--5489},
  number = {9},
  month = {Nov},
  doi = {10.1063/1.359664},
  owner = {Admin},
  timestamp = {2015.01.09}
}

@ARTICLE{Lysyuk,
  author = {Lysyuk, I.O. and Olikh, Ya.M. and Olikh, O.Ya. and Beketov, G.V.},
  title = {Features of Ultrasound Absorption by Dislocations in Subgrain-Free
	Cs$_{0.2}$Hg$_{0.8}$Te Crystals},
  journal = {Ukr. J. Phys.},
  year = {2014},
  volume = {59},
  pages = {50--57},
  number = {1},
  month = {Jan},
  owner = {oleg},
  timestamp = {2015.04.15}
}

@ARTICLE{Manifacier,
  author = {Manifacier, J.-C. and Brortryb, N. and Ardebili, R. and Charles,
	J.-P.},
  title = {Schottky diode: Comments concerning the diode parameters determination
	from the forward I--V plot},
  journal = {J. Appl. Phys.},
  year = {1988},
  volume = {64},
  pages = {2502--2504},
  number = {5},
  month = {Sep},
  doi = {10.1063/1.341632},
  owner = {Admin},
  timestamp = {2015.01.09}
}

@ARTICLE{T0:McCafferty,
  author = {McCafferty, P. G. and Sellai, A. and Dawson, P. and Elabd, H.},
  title = {Barrier characteristics of PtSi/p--Si Schottky diodes as determined
	from I--V--T measurements},
  journal = {Solid-State Electron.},
  year = {1996},
  volume = {39},
  pages = {583--592},
  number = {4},
  month = {Apr},
  doi = {10.1016/0038-1101(95)00162-X},
  owner = {Admin},
  timestamp = {2015.01.10}
}

@ARTICLE{YOlikh2005,
  author = {V.P. Melnik and Y.M. Olikh and V.G. Popov and B.M. Romanyuk and Y.V.
	Goltvyanskii and A.A. Evtukh},
  title = {Characteristics of silicon p--n junction formed by ion implantation
	with in situ ultrasound treatment},
  journal = {Materials Science \& Engineering, B: Solid-State Materials for Advanced
	Technology},
  year = {2005},
  volume = {124--125},
  pages = {327--330},
  month = {Dec},
  doi = {10.1016/j.mseb.2005.08.039},
  owner = {Admin},
  timestamp = {2014.01.31}
}

@ARTICLE{Rs:Meyaard,
  author = {David S. Meyaard and Jaehee Cho and E. Fred Schubert and Sang-Heon
	Han and Min-Ho Kim and Cheolsoo Sone},
  title = {Analysis of the temperature dependence of the forward voltage characteristics
	of GaInN light--emitting diodes},
  journal = {Appl. Phys. Lett.},
  year = {2013},
  volume = {103},
  pages = {121103},
  number = {12},
  month = {Sep},
  doi = {10.1063/1.4821538},
  owner = {Admin},
  timestamp = {2015.01.10}
}

@ARTICLE{Mikhelashvili,
  author = {Mikhelashvili, V. and Eisenstein, G. and Garber, V. and Fainleib,
	S. and Bahir, G. and Ritter, D. and Orenstein, M. and Peer, A.},
  title = {On the extraction of linear and nonlinear physical parameters in
	nonideal diodes},
  journal = {J. Appl. Phys.},
  year = {1999},
  volume = {85},
  pages = {6873--6883},
  number = {9},
  month = {May},
  doi = {10.1063/1.370206},
  owner = {oleg},
  timestamp = {2014.12.25}
}

@ARTICLE{Mirsagatov,
  author = {Mirsagatov, Sh. A. and Sapaeva, I. B. and Nazarov, Zh.T.},
  title = {Ultrasonic Annealing of Surface States in the Heterojunction of a
	$p$--{S}i/$n$--{C}d{S}/$n^+$--{C}d{S} Injection Photodiode},
  journal = {Inorganic Materials},
  year = {2015},
  volume = {51},
  pages = {1--4},
  number = {1},
  month = {Dec},
  doi = {10.1134/S0020168515010148},
  owner = {Admin},
  timestamp = {2015.01.05}
}

@ARTICLE{MirzadeJAP2011,
  author = {Fikret Mirzade},
  title = {Elastic wave propagation in a solid layer with laser-induced point
	defects},
  journal = {J. Appl. Phys.},
  year = {2011},
  volume = {110},
  pages = {064906},
  number = {6},
  month = {Sep},
  doi = {10.1063/1.3633524},
  owner = {oleg},
  timestamp = {2015.04.20}
}

@ARTICLE{Mirzade,
  author = {F. Kh. Mirzade},
  title = {Nonlinear longitudinal waves of interacting fields of deformation
	and defect concentration in germanium and silicon},
  journal = {Semiconductors},
  year = {2006},
  volume = {40},
  pages = {262--269},
  number = {3},
  month = {Mar},
  doi = {10.1134/S1063782606030031},
  owner = {oleg},
  timestamp = {2014.11.13}
}

@ARTICLE{PF:Mitrofanov,
  author = {Mitrofanov, Oleg and Manfra, Michael},
  title = {Poole-Frenkel electron emission from the traps in {A}l{G}a{N}/{G}a{N}
	transistors},
  journal = {J. Appl. Phys.},
  year = {2004},
  volume = {95},
  pages = {6414--6419},
  number = {11},
  month = {Jun},
  doi = {10.1063/1.1719264},
  owner = {oleg},
  timestamp = {2015.12.16}
}

@ARTICLE{SiEg2012,
  author = {J. Munguia and J.-M. Bluet and O. Marty and G. Bremond and M. Mermoux
	and D. Rouchon},
  title = {Temperature dependence of the indirect bandgap in ultrathin strained
	silicon on insulator layer},
  journal = {Appl. Phys. Lett.},
  year = {2012},
  volume = {100},
  pages = {102107},
  number = {10},
  month = {Mar},
  doi = {10.1063/1.3691955},
  owner = {Admin},
  timestamp = {2014.01.31}
}

@ARTICLE{PID:SEMSC,
  author = {Naumann, Volker and Lausch, Dominik and Hahnel, Angelika and Bauer,
	Jan and Breitenstein, Otwin and Graff, Andreas and Werner, Martina
	and Swatek, Sina and Grober, Stephan and Bagdahn, Jorg and Hagendorf,
	Christian},
  title = {Explanation of potential-induced degradation of the shunting type
	by Na decoration of stacking faults in Si solar cells},
  journal = {Solar Energy Materials \& Solar Cells},
  year = {2014},
  volume = {120},
  pages = {383-389},
  month = {Jan},
  part = {A},
  doi = {10.1016/j.solmat.2013.06.015},
  owner = {Admin},
  timestamp = {2017.01.05}
}

@ARTICLE{Norde,
  author = {H. Norde},
  title = {A modified forward /-V plot for Schottky diodes with high series
	resistance},
  journal = {J. Appl. Phys.},
  year = {1979},
  volume = {50},
  pages = {5052--5053},
  number = {7},
  month = {Jul},
  doi = {10.1063/1.325607},
  owner = {oleg},
  timestamp = {2014.12.25}
}

@ARTICLE{Novikov2009,
  author = {Yu. N. Novikov},
  title = {Non-volatile memory based on silicon nanoclusters},
  journal = {Semiconductors},
  year = {2009},
  volume = {43},
  pages = {1040--1045},
  number = {8},
  month = {Aug},
  doi = {10.1134/S1063782609080144},
  owner = {Admin},
  timestamp = {2014.01.31}
}

@ARTICLE{Olikh:Ultras,
  author = {Oleg Olikh},
  title = {Reversible influence of ultrasound on $\gamma-$irradiated {M}o/n-{S}i
	{S}chottky barrier structure},
  journal = {Ultrasonics},
  year = {2015},
  volume = {56},
  pages = {545--550},
  month = {Feb},
  doi = {10.1016/j.ultras.2014.10.008},
  owner = {oleg},
  timestamp = {2014.10.28}
}

@ARTICLE{Olikh2013Sem,
  author = {Olikh, O.Y.},
  title = {Effect of ultrasonic loading on current in {M}o/n-n$^+$-{S}i with
	{S}chottky barriers},
  journal = {Semiconductors},
  year = {2013},
  volume = {47},
  pages = {987--992},
  number = {7},
  month = {July},
  doi = {10.1134/S106378261307018X},
  owner = {Admin},
  timestamp = {2014.01.31}
}

@ARTICLE{Olikh2011Sem,
  author = {Olikh, O.Y.},
  title = {Features of dynamic acoustically induced modification of photovoltaic
	parameters of silicon solar cells},
  journal = {Semiconductors},
  year = {2011},
  volume = {45},
  pages = {798--804},
  number = {6},
  month = {June},
  doi = {10.1134/S1063782611060170},
  owner = {Admin},
  timestamp = {2014.01.31}
}

@ARTICLE{Olikh2006TPL,
  author = {Olikh, O.Ya. and Pinchuk, T.N.},
  title = {Acoustic wave corrected current-voltage characteristics of {G}a{A}s-based
	structures with {S}chottky contacts},
  journal = {Tech. Phys. Lett.},
  year = {2006},
  volume = {32},
  pages = {517--519},
  number = {6},
  month = {June},
  doi = {10.1134/S1063785006060204},
  owner = {Admin},
  timestamp = {2014.01.31}
}

@ARTICLE{Olikh:Ultras2016,
  author = {Olikh, Oleg and Voytenko, Katerina},
  title = {On the mechanism of ultrasonic loading effect in silicon--based {S}chottky
	diodes},
  journal = {Ultrasonics},
  year = {2016},
  volume = {66},
  pages = {1--3},
  number = {1},
  month = {Mar},
  doi = {10.1016/j.ultras.2015.12.001},
  owner = {oleg},
  timestamp = {2015.12.15}
}

@ARTICLE{Olikh:2013IEEE,
  author = {Olikh, O. Ya.},
  title = {Non-Monotonic $\gamma-$Ray Influence on {M}o/n-{S}i {S}chottky Barrier
	Structure Properties},
  journal = {IEEE Trans. Nucl. Sci.},
  year = {2013},
  volume = {60},
  pages = {394--401},
  number = {1},
  month = {Feb},
  part = {2},
  doi = {10.1109/TNS.2012.2234137},
  owner = {Admin},
  timestamp = {2014.01.31}
}

@ARTICLE{Olikh2009Sem,
  author = {O. Ya. Olikh},
  title = {The Variation in Activity of Recombination Centers in Silicon p–n
	Structures under the Conditions of Acoustic Loading},
  journal = {Semiconductors},
  year = {2009},
  volume = {43},
  pages = {745--750},
  number = {6},
  month = {Jun},
  doi = {10.1134/S1063782609060116},
  owner = {oleg},
  timestamp = {2014.11.07}
}

@ARTICLE{OlikhPSS,
  author = {Olikh, O. Ya. and Ostrovskii, I. V.},
  title = {Ultrasound-Stimulated Increase in the Electron Diffusion Length in
	p--Si Crystals},
  journal = {Phys. Solid State},
  year = {2002},
  volume = {44},
  pages = {1249--1253},
  number = {7},
  month = {Jul},
  doi = {10.1134/1.1494617},
  owner = {Admin},
  timestamp = {2015.01.05}
}

@ARTICLE{OlikhJAP,
  author = {Olikh, O. Ya. and Voytenko, K. V. and Burbelo, R. M.},
  title = {Ultrasound influence on {I}--{V}--{T} characteristics of silicon
	{S}chottky barrier structure},
  journal = {Journal of Applied Physics},
  year = {2015},
  volume = {117},
  pages = {044505},
  number = {4},
  month = {Jan},
  doi = {10.1063/1.4906844},
  owner = {oleg},
  timestamp = {2015.04.15}
}

@ARTICLE{YOlikhTPL2011,
  author = {Olikh, Ya.M. and Tymochko, M.D.},
  title = {In Situ Observation of the Relaxation of Conductivity in $\gamma-$Irradiated
	n--Type Silicon under the Action of Ultrasound Pulses},
  journal = {Tech. Phys. Lett.},
  year = {2011},
  volume = {37},
  pages = {37--40},
  number = {1},
  month = {Jan},
  doi = {10.1134/S106378501101007X},
  owner = {Admin},
  timestamp = {2015.01.05}
}

@ARTICLE{YOlikh2006TPL,
  author = {Olikh, Ya.M. and Tymochko, M.D. and Dolgolenko, A.P.},
  title = {Acoustic-wave-stimulated transformations of radiation defects in
	$\gamma-$irradiated n-type silicon crystals},
  journal = {Tech. Phys. Lett.},
  year = {2006},
  volume = {32},
  pages = {586--589},
  number = {7},
  month = {July},
  doi = {10.1134/S106378500607011X},
  owner = {Admin},
  timestamp = {2014.01.31}
}

@ARTICLE{Ortiz1995,
  author = {Ortiz-Conde, A.. and Garsia Sanchez, F.J. and Liou, J.J. and Andrian,
	J. and Laurence, R.J. and Schmidt, P.E.},
  title = {A generalized model for a two-terminal device and its applications
	to parameter extraction},
  journal = {Solid-State Electron.},
  year = {1995},
  volume = {38},
  pages = {265--266},
  number = {1},
  month = {Jan},
  doi = {10.1016/0038-1101(94)00141-2},
  owner = {Admin},
  timestamp = {2015.01.09}
}

@ARTICLE{Ortiz1999,
  author = {Ortiz-Conde, A.. and Ma, Y. and Thomson, J. and Santos, E. and Liou,
	J.J. and Garsia Sanchez, F.J. and Lei, M. and Finol, J. and Layman,
	P.},
  title = {Direct extraction of semiconductor device parameters using lateral
	optimization method},
  journal = {Solid-State Electron.},
  year = {1999},
  volume = {43},
  pages = {845--848},
  number = {4},
  month = {Apr},
  doi = {10.1016/S0038-1101(99)00044-1},
  owner = {Admin},
  timestamp = {2015.01.09}
}

@ARTICLE{Ortiz2005,
  author = {Adelmo Ortiz-Conde and Francisco J. Garsia Sanchez},
  title = {Extraction of non-ideal junction model parameters from the explicit
	analytic solutions of its I--V characteristics},
  journal = {Solid-State Electron.},
  year = {2005},
  volume = {49},
  pages = {465--472},
  number = {3},
  month = {Mar},
  doi = {10.1016/j.sse.2004.12.001},
  owner = {Admin},
  timestamp = {2015.01.09}
}

@ARTICLE{Ostapenko1999,
  author = {S. Ostapenko},
  title = {Defect passivation using ultrasound treatment: fundamentals and application},
  journal = {Applied Physics A: Materials Science \& Processing},
  year = {1999},
  volume = {69},
  pages = {225--232},
  number = {2},
  month = {Aug},
  doi = {10.1007/s003390050994},
  owner = {Admin},
  timestamp = {2015.01.05}
}

@ARTICLE{Ostapenko1995SST,
  author = {Ostapenko, S. S. and , Jastrzebski, L. and Sopori, B.},
  title = {Change of minority carrier diffusion length in polycrystalline silicon
	by ultrasound treatment},
  journal = {Semicond. Sci. Technol.},
  year = {1995},
  volume = {10},
  pages = {1494--1500},
  number = {11},
  month = {Nov},
  doi = {10.1088/0268-1242/10/11/011},
  owner = {oleg},
  timestamp = {2015.11.23}
}

@ARTICLE{Ostapenko1995,
  author = {S. S. Ostapenko and R. E. Bell},
  title = {Ultrasound stimulated dissociation of {F}e--{B} pairs in silicon},
  journal = {Journal of Applied Physics},
  year = {1995},
  volume = {77},
  pages = {5458--5460},
  number = {10},
  month = {May},
  doi = {10.1063/1.359243},
  owner = {oleg},
  timestamp = {2014.11.13}
}

@ARTICLE{OstrovKor92,
  author = {Ostrovskii, I.V. and Korotchenkov, O.A.},
  title = {Characterization of unstable point defects in crystals},
  journal = {Solid State Commun.},
  year = {1992},
  volume = {82},
  pages = {267--270},
  number = {4},
  month = {Apr},
  doi = {10.1016/0038-1098(92)90639-Q},
  owner = {oleg},
  timestamp = {2015.05.20}
}

@ARTICLE{Ostrovskii2001,
  author = {Ostrovskii, I.V. and Korotchenkov, O.A. and Olikh, O.Ya and Podolyan,
	A.A. and Chupryna, R.G. and Torres-Cisneros, M.},
  title = {Acoustically driven optical phenomena in bulk and low-dimensional
	semiconductors},
  journal = {J. Opt. A: Pure Appl. Opt.},
  year = {2001},
  volume = {3},
  pages = {S82--S86},
  number = {4},
  month = {July},
  doi = {10.1088/1464-4258/3/4/364},
  owner = {Admin},
  timestamp = {2014.01.31}
}

@ARTICLE{Pandey:2014,
  author = {Srikrishna Pandey and Uday N. Maiti and Kowsalya Palanisamy and Pavel
	Nikolaev and Sivaram Arepalli},
  title = {Ultrasonicated double wall carbon nanotubes for enhanced electric
	double layer capacitance},
  journal = {Appl. Phys. Lett.},
  year = {2014},
  volume = {104},
  pages = {233902},
  number = {23},
  month = {Jun},
  owner = {oleg},
  timestamp = {2014.10.28},
  url = {10.1063/1.4882278}
}

@ARTICLE{Parchinskii2006,
  author = {Parchinskii, P.B. and Vlasov, S.I. and Ligai, L.G.},
  title = {Effect of ultrasonic treatment on the generation characteristics
	of irradiated silicon-silicon-dioxide interface},
  journal = {Semiconductors},
  year = {2006},
  volume = {40},
  pages = {808--811},
  number = {7},
  month = {July},
  doi = {10.1134/S106378260607013X},
  owner = {Admin},
  timestamp = {2014.01.31}
}

@ARTICLE{Em:Parker,
  author = {Parker, G.H. and McGill, T.C. and Mead, C.A. and Hoffman, D.},
  title = {Electric field dependence of {G}a{A}s {S}chottky barriers},
  journal = {Solid-State Electron.},
  year = {1968},
  volume = {11},
  pages = {201--204},
  number = {2},
  month = {Feb},
  doi = {10.1016/0038-1101(68)90079-8},
  owner = {oleg},
  timestamp = {2015.12.18}
}

@ARTICLE{Pashaev2014,
  author = {I. G. Pashaev},
  title = {Study of the Relaxation of the Excess Current in Silicon Schottky
	Diodes},
  journal = {Semiconductors},
  year = {2014},
  volume = {48},
  pages = {1391--1394},
  number = {10},
  month = {Oct},
  doi = {10.1134/S1063782614100224},
  owner = {Admin},
  timestamp = {2015.01.05}
}

@ARTICLE{TLBO_Patel,
  author = {Sanjaykumar J. Patel and Ashish K. Panchal and Vipul Kheraj},
  title = {Extraction of solar cell parameters from a single current–voltage
	characteristic using teaching learning based optimization algorithm},
  journal = {Applied Energy},
  year = {2014},
  volume = {119},
  pages = {384--393},
  month = {Apr},
  doi = {10.1016/j.apenergy.2014.01.027},
  owner = {oleg},
  timestamp = {2014.12.25}
}

@ARTICLE{Pavlovich,
  author = {V. N. Pavlovich},
  title = {Enhanced Diffusion of Impurities and Defects in Crystals in Conditions
	of Ultrasonic and Radiative Excitation of the Crystal Lattice},
  journal = {phys. stat. sol. (b)},
  year = {1993},
  volume = {180},
  pages = {97--105},
  number = {1},
  month = {Nov},
  doi = {10.1002/pssb.2221800108},
  owner = {oleg},
  timestamp = {2015.04.15}
}

@ARTICLE{Peleshchak,
  author = {R.M. Peleshchak and O.V. Kuzyk and O.O. Dan’kiv},
  title = {Non-linear model of impurity diffusion in nanoporous materials upon
	ultrasonic treatment},
  journal = {Condensed Matter Physics},
  year = {2014},
  volume = {17},
  pages = {23601:1--8},
  number = {2},
  doi = {10.5488/CMP.17.23601},
  owner = {oleg},
  timestamp = {2014.11.13}
}

@ARTICLE{Pipinys2006,
  author = {Pipinys, P. and Lapeika, V.},
  title = {Temperature dependence of reverse--bias leakage current in {G}a{N}
	{S}chottky diodes as a consequence of phonon--assisted tunneling},
  journal = {J. Appl. Phys.},
  year = {2006},
  volume = {99},
  pages = {093709},
  number = {9},
  month = {May},
  doi = {10.1063/1.2199980},
  owner = {oleg},
  timestamp = {2015.11.30}
}

@ARTICLE{Pipinys1999,
  author = {Pipinys, P. and Pipiniene, A. and Rimeika, A.},
  title = {Phonon--assisted tunneling in reverse biased {S}chottky diodes},
  journal = {J. Appl. Phys.},
  year = {1999},
  volume = {86},
  pages = {6875--6878},
  number = {12},
  month = {Dec},
  doi = {10.1063/1.371766},
  owner = {oleg},
  timestamp = {2015.11.30}
}

@ARTICLE{Podolian2012,
  author = {Podolian, A. O. and Nadtochiy, A. B. and Korotchenkov, O. A.},
  title = {Charge Carrier Lifetime Recovery in $\gamma-$Irradiated Silicon under
	the Action of Ultrasound},
  journal = {Tech. Phys. Lett.},
  year = {2012},
  volume = {38},
  pages = {405--408},
  number = {5},
  month = {Jun},
  doi = {10.1134/S1063785012050124},
  owner = {Admin},
  timestamp = {2015.01.05}
}

@ARTICLE{Bart:2011,
  author = {Bart Raeymaekers and Cristian Pantea and Dipen N. Sinha},
  title = {Manipulation of diamond nanoparticles using bulk acoustic waves},
  journal = {J. Appl. Phys.},
  year = {2011},
  volume = {109},
  pages = {014317},
  number = {1},
  month = {Jan},
  doi = {:10.1063/1.3530670},
  owner = {oleg},
  timestamp = {2014.10.28}
}

@ARTICLE{MoWF2001,
  author = {Pushkar Ranade and Hideki Takeuchi and Tsu-Jae King and Chenming
	Hu},
  title = {Work Function Engineering of Molybdenum Gate Electrodes by Nitrogen
	Implantation},
  journal = {Electrochem. Solid-State Lett.},
  year = {2001},
  volume = {4},
  pages = {G85--G87},
  number = {11},
  month = {Nov},
  doi = {10.1149/1.1403216},
  owner = {Admin},
  timestamp = {2015.01.06}
}

@ARTICLE{Razeghi,
  author = {Razeghi, M. and Rogalski, A.},
  title = {Semiconductor ultraviolet detectors},
  journal = {Journal of Applied Physics},
  year = {1996},
  volume = {79},
  pages = {7433--7473},
  number = {10},
  month = {May},
  doi = {10.1063/1.362677},
  owner = {oleg},
  timestamp = {2017.01.11}
}

@BOOK{Rhoderick1988,
  title = {Metal Semiconductor Contacts},
  publisher = {Clarendon Press},
  year = {1988},
  author = {E. H. Rhoderick and R. H. Williams},
  address = {Oxford},
  edition = {Second},
  owner = {Admin},
  timestamp = {2014.01.31}
}

@ARTICLE{YOlikh2010JL,
  author = {A. Romanyuk and V. Melnik and Y. Olikh and J. Biskupek and U. Kaiser
	and M. Feneberg and K. Thonke and P. Oelhafen},
  title = {Light emission from nanocrystalline silicon clusters embedded in
	silicon dioxide: {R}ole of the suboxide states},
  journal = {J. Lumin.},
  year = {2010},
  volume = {130},
  pages = {87–-91},
  number = {1},
  month = {Jan},
  doi = {10.1016/j.jlumin.2009.07.021},
  owner = {Admin},
  timestamp = {2014.01.31}
}

@ARTICLE{Roman:2007APL,
  author = {A. Romanyuk and P. Oelhafen and R. Kurps and V. Melnik},
  title = {Use of ultrasound for metal cluster engineering in ion implanted
	silicon oxide},
  journal = {Appl. Phys. Lett.},
  year = {2007},
  volume = {90},
  pages = {013118},
  number = {1},
  month = {Jan},
  doi = {10.1063/1.2430055},
  owner = {Admin},
  timestamp = {2014.01.31}
}

@ARTICLE{Roman:2006JAP,
  author = {A. Romanyuk and V. Spassov and V. Melnik},
  title = {Influence of in situ ultrasound treatment during ion implantation
	on formation of silver nanoparticles in silica},
  journal = {J. Appl. Phys.},
  year = {2006},
  volume = {99},
  pages = {034314},
  number = {3},
  month = {Feb},
  doi = {10.1063/1.2171773},
  owner = {Admin},
  timestamp = {2014.01.31}
}

@ARTICLE{Sanada:2011,
  author = {H. Sanada and T. Sogawa and H. Gotoh and K. Onomitsu and M. Kohda
	and J. Nitta and P.V. Santos},
  title = {Acoustically Induced Spin-Orbit Interactions Revealed by Two-Dimensional
	Imaging of Spin Transport in GaAs},
  journal = {Phys. Rev. Lett.},
  year = {2011},
  volume = {106},
  pages = {216602},
  number = {21},
  month = {May},
  doi = {10.1103/PhysRevLett.106.216602},
  owner = {oleg},
  timestamp = {2014.10.28}
}

@ARTICLE{Sarpatwari,
  author = {K. Sarpatwari and S. E. Mohney and O. O. Awadelkarim},
  title = {Effects of barrier height inhomogeneities on the determination of
	the Richardson constant},
  journal = {J. Appl. Phys.},
  year = {2011},
  volume = {109},
  pages = {014510},
  number = {01},
  month = {Jan},
  doi = {10.1063/1.3530868},
  owner = {oleg},
  timestamp = {2014.11.03}
}

@ARTICLE{Sathaiya,
  author = {D. Mahaveer Sathaiya and Shreepad Karmalkar},
  title = {Thermionic trap--assisted tunneling model and its application to
	leakage current in nitrided oxides and {A}l{G}a{N}/{G}a{N} high electron
	mobility transistors},
  journal = {J. Appl. Phys.},
  year = {2006},
  volume = {99},
  pages = {093701},
  number = {9},
  month = {May},
  doi = {10.1063/1.2191620},
  owner = {oleg},
  timestamp = {2015.11.30}
}

@ARTICLE{Sato,
  author = {K. Sato and Y. Yasumura},
  title = {Study of forward /-V plot for Schottky diodes with high series resistance},
  journal = {J. Appl. Phys.},
  year = {1985},
  volume = {58},
  pages = {3655--3657},
  number = {9},
  month = {Nov},
  doi = {10.1063/1.335750},
  owner = {oleg},
  timestamp = {2014.12.25}
}

@ARTICLE{Savkina:SST07,
  author = {Savkina, R. K. and Smirnov, A. B. and Sizov, F.F.},
  title = {The effect of high--frequency sonication on charge carrier transport
	in {LPE} and {MBE} {H}g{C}d{T}e layers},
  journal = {Semicond. Sci. Technol.},
  year = {2007},
  volume = {22},
  pages = {97--102},
  number = {2},
  month = {Feb},
  doi = {10.1088/0268-1242/22/2/016},
  owner = {oleg},
  timestamp = {2015.11.23}
}

@ARTICLE{T0:Saxena,
  author = {A.N. Saxena},
  title = {Forward current-voltage characteristics of Schottky barriers on n--type
	silicon},
  journal = {Surf. Sci.},
  year = {1969},
  volume = {13},
  pages = {151--171},
  number = {1},
  month = {Jan},
  doi = {10.1016/0039-6028(69)90245-3},
  owner = {Admin},
  timestamp = {2015.01.10}
}

@ARTICLE{CDLR:JAP1995,
  author = {Schenka, Andreas and Krumbein, Ulrich},
  title = {Coupled defect-level recombination: Theory and application to anomalous
	diode characteristics},
  journal = {Journal of Applied Physics},
  year = {1995},
  volume = {78},
  pages = {3185--3192},
  number = {5},
  month = {Sep},
  doi = {10.1063/1.360007},
  owner = {Admin},
  timestamp = {2017.01.05}
}

@ARTICLE{Schiefele:2011,
  author = {Jurgen Schiefele and Jorge Pedros and Fernando Sols and Fernando
	Calle and Francisco Guinea},
  title = {Coupling Light into Graphen Plasmons through Surface Acoustic Waves},
  journal = {Phys. Rev. Lett.},
  year = {2013},
  volume = {111},
  pages = {237405},
  number = {23},
  month = {Dec},
  doi = {10.1103/PhysRevLett.111.237405},
  owner = {oleg},
  timestamp = {2014.10.28}
}

@ARTICLE{LID:SchmidtJMR,
  author = {Schmidt, J. and Bothe, K. and Macdonald, D. and Adey, J. and Jones,
	R. and Palmer, D.W.},
  title = {Electronically stimulated degradation of silicon solar cells},
  journal = {Journal of Materials Research},
  year = {2006},
  volume = {21},
  pages = {5--12},
  number = {1},
  month = {Jan},
  doi = {10.1557/JMR.2006.0012},
  owner = {Admin},
  timestamp = {2017.01.05}
}

@BOOK{Schroder2006,
  title = {Semiconductor Material and Device Characterization},
  publisher = {John Wiley \& Sons},
  year = {2006},
  author = {D. K. Schroder},
  address = {New Jersey},
  edition = {Third},
  owner = {Admin},
  timestamp = {2014.01.31}
}

@ARTICLE{Seebauer,
  author = {Seebauer, Edmund G. and Kratzer, Meredith C.},
  title = {Charged point defects in semiconductors},
  journal = {Materials Science and Engineering: R},
  year = {2006},
  volume = {55},
  pages = {57--149},
  number = {3--6},
  month = {Dec},
  doi = {10.1016/j.mser.2006.01.002},
  owner = {oleg},
  timestamp = {2016.06.21}
}

@ARTICLE{GA_Schottky,
  author = {Sellai, A. and Ouennoughi, Z.},
  title = {Extraction of illuminated solar cell and Schottky diode parameters
	using a genetic algorithm},
  journal = {Int. J. Mod. Phys. C},
  year = {2005},
  volume = {16},
  pages = {1043--1050},
  number = {7},
  month = {Jul},
  doi = {10.1142/S0129183105007704},
  owner = {Admin},
  timestamp = {2015.01.09}
}

@ARTICLE{VRH:Shan,
  author = {Shan, Qifeng and Meyaard, David S. and Dai, Qi and Cho, Jaehee and
	Schubert, E. Fred and Son, Joong Kon and Sone, Cheolsoo},
  title = {Transport--mechanism analysis of the reverse leakage current in {G}a{I}n{N}
	light--emitting diodes},
  journal = {Appl. Phys. Lett.},
  year = {2011},
  volume = {99},
  pages = {253506},
  number = {25},
  month = {10.1063/1.3668104},
  doi = {10.1063/1.3668104},
  owner = {oleg},
  timestamp = {2015.11.30}
}

@ARTICLE{Song1987,
  author = {Song, L.W. and Benson, B.W. and Watkins, G.D.},
  title = {Identification of a bistable defect in silicon: The carbon interstitial-carbon
	substitutional pair},
  journal = {Appl. Phys. Lett.},
  year = {1987},
  volume = {51},
  pages = {1155--1157},
  number = {15},
  month = {Oct},
  doi = {10.1063/1.98717},
  owner = {Admin},
  timestamp = {2014.01.31}
}

@ARTICLE{CDLR:JAP,
  author = {Steingrube, Silke, and Breitenstein, Otwin and Ramspeck, Klaus and
	Glunz, Stefan and Schenk, Andreas and Altermatt, Pietro P.},
  title = {Explanation of commonly observed shunt currents in c-Si solar cells
	by means of recombination statistics beyond the Shockley-Read-Hall
	approximation},
  journal = {Journal of Applied Physics},
  year = {2011},
  volume = {110},
  pages = {014515},
  number = {1},
  month = {July},
  doi = {10.1063/1.3607310},
  owner = {Admin},
  timestamp = {2017.01.05}
}

@ARTICLE{Teterkin2009,
  author = {Sukach, A.V. and Teterkin, V.V.},
  title = {Ultrasonic treatment--induced modification of the electrical properties
	of {I}n{A}s p--n junctions},
  journal = {Tech. Phys. Lett.},
  year = {2009},
  volume = {35},
  pages = {514--517},
  number = {6},
  month = {June},
  doi = {10.1134/S1063785009060108},
  owner = {Admin},
  timestamp = {2014.01.31}
}

@BOOK{Sze1985,
  title = {Semiconductor Devices: Physics and Technology},
  publisher = {Wiley},
  year = {1985},
  author = {S. M. Sze},
  address = {New York},
  owner = {Admin},
  timestamp = {2014.01.31}
}

@ARTICLE{Tascioglu2010,
  author = {IIke Tascioglu and Umut Aydemir and Semsettin Altindal},
  title = {The explanation of barrier height inhomogeneities in Au/n-Si Schottky
	barrier diodes with organic thin interfacial layer},
  journal = {J. Appl. Phys.},
  year = {2010},
  volume = {108},
  pages = {064506},
  number = {6},
  month = {Sep},
  doi = {10.1063/1.3468376},
  owner = {oleg},
  timestamp = {2014.11.05}
}

@ARTICLE{Tataroglu:2009,
  author = {A. Tataroglu and S. Antindal},
  title = {Gamma-ray irradiation effects on the interface states of {MIS} structures},
  journal = {Sens. Actuators, A},
  year = {2009},
  volume = {151},
  pages = {168--172},
  number = {2},
  month = {Apr},
  doi = {10.1016/j.sna.2009.02.035},
  owner = {Admin},
  timestamp = {2014.01.31}
}

@ARTICLE{Tataroglu:2007NIMA,
  author = {A. Tataroglu and S. Antindal},
  title = {Analysis of interface states and series resistance at {MIS} structure
	irradiated under $^{60}${C}o $\gamma-$rays},
  journal = {Nucl. Instrum. Methods Phys. Res., Sect. A},
  year = {2007},
  volume = {580},
  pages = {1588--1593},
  number = {3},
  month = {Oct},
  doi = {10.1016/j.nima.2007.07.027},
  owner = {Admin},
  timestamp = {2014.01.31}
}

@ARTICLE{Tung:MSE,
  author = {Raymond T. Tung},
  title = {Recent advances in {S}chottky barrier concept},
  journal = {Mater. Sci. Eng., R},
  year = {2001},
  volume = {35},
  pages = {1--138},
  number = {1--3},
  month = {Nov},
  doi = {10.1016/S0927-796X(01)00037-7},
  owner = {oleg},
  timestamp = {2014.11.04}
}

@ARTICLE{Tung:PhysRev,
  author = {R. T. Tung},
  title = {Electron transport at metal-semiconductor interfaces: General theory},
  journal = {Phys. Rev. B},
  year = {1992},
  volume = {45},
  pages = {13509--13523},
  number = {23},
  month = {Jun},
  doi = {10.1103/PhysRevB.45.13509},
  owner = {oleg},
  timestamp = {2014.01.29}
}

@ARTICLE{Unewisse,
  author = {M. H. Unewisse and J. W. V. Storey},
  title = {Conduction mechanisms in erbium silicide Schottky diodes},
  journal = {J. Appl. Phys.},
  year = {1993},
  volume = {73},
  pages = {3873--3879},
  number = {8},
  month = {Apri},
  doi = {10.1063/1.352899},
  owner = {oleg},
  timestamp = {2014.11.04}
}

@BOOK{Vavilov1990,
  title = {Defects in the Bulk and at the Surface of Silicon},
  publisher = {Nauka},
  year = {1990},
  author = {V. S. Vavilov and V. F. Kiselev and B. N. Mukashev},
  address = {Moscow},
  owner = {Admin},
  timestamp = {2014.01.31}
}

@ARTICLE{Vlasenko2000,
  author = {Vlasenko, A. I. and Olikh, Ya. M. and Savkina,R. K.},
  title = {Charge Carrier Mobility in n--Cd$_x$Hg$_{1-x}$Te Crystals Subjected
	to Dynamic Ultrasonic Stressing},
  journal = {Semiconductors},
  year = {2000},
  volume = {34},
  pages = {644--649},
  number = {6},
  month = {Jun},
  doi = {10.1134/1.1188046},
  owner = {Admin},
  timestamp = {2015.01.08}
}

@ARTICLE{Vlasov2009,
  author = {Vlasov, S. I. and Ovsyannikov, A. V. and Zaveryukhin, B. N.},
  title = {Effect of Ultrasonic Treatment on the Generation Characteristics
	of a Semiconductor--Glass Interface},
  journal = {Tech. Phys. Lett.},
  year = {2009},
  volume = {35},
  pages = {312--314},
  number = {4},
  month = {Apr},
  doi = {10.1134/S1063785009040075},
  owner = {Admin},
  timestamp = {2015.01.05}
}

@ARTICLE{DEWang,
  author = {Kaier Wang and Meiying Ye},
  title = {Parameter determination of {S}chottky--barrier diode model using
	differential evolution},
  journal = {Solid-State Electron.},
  year = {2009},
  volume = {53},
  pages = {234--240},
  number = {2},
  month = {Feb},
  doi = {10.1016/j.sse.2008.11.010},
  owner = {oleg},
  timestamp = {2014.12.25}
}

@ARTICLE{PSOWang,
  author = {Kaier Wang and Meiying Ye},
  title = {Parameter estimation of {S}chottky--barrier diode model by particle
	swarm optimization},
  journal = {Int. J. Mod. Phys. C},
  year = {2009},
  volume = {20},
  pages = {687--699},
  number = {5},
  month = {May},
  doi = {10.1142/S0129183109013911},
  owner = {Admin},
  timestamp = {2015.01.09}
}

@ARTICLE{Wang:JLum,
  author = {Wendeng Wang and Fuqiang Huang and Yujuan Xia and Anbao Wang},
  title = {Improved electroluminescence performance of ZnS:Cu,Cl phosphors by
	ultrasonic treatment},
  journal = {J. Lumin.},
  year = {2008},
  volume = {128},
  pages = {199--204},
  number = {2},
  month = {Feb},
  doi = {10.1016/j.jlumin.2007.07.003},
  owner = {oleg},
  timestamp = {2014.10.28}
}

@ARTICLE{Werner,
  author = {Jurgen H. Werner},
  title = {Schottky Barrier and pn-Junction I/V Plots--Small Signal Evaluation},
  journal = {Appl. Phys. A},
  year = {1988},
  volume = {47},
  pages = {291--300},
  number = {3},
  month = {Nov},
  doi = {10.1007/BF00615935},
  owner = {oleg},
  timestamp = {2014.12.25}
}

@ARTICLE{Wittmer,
  author = {Wittmer, M. and Luthy, W. and Studer, B. and Melchior, H.},
  title = {Electrical characteristics of laser-contacted diodes},
  journal = {Solid-State Electron.},
  year = {1981},
  volume = {24},
  pages = {141--145},
  number = {2},
  month = {Feb},
  doi = {10.1016/0038-1101(81)90009-5},
  owner = {oleg},
  timestamp = {2016.06.21}
}

@ARTICLE{Wosinski,
  author = {Wosinski, T. and Makosa, A. and Witczak, Z.},
  title = {Transformation of native defects in bulk {G}a{A}s under ultrasonic
	vibration},
  journal = {Semicond. Sci. Technol.},
  year = {1994},
  volume = {9},
  pages = {2047--2052},
  number = {11},
  month = {Nov},
  doi = {10.1088/0268-1242/9/11/003},
  owner = {oleg},
  timestamp = {2015.11.23}
}

@ARTICLE{Referi2,
  author = {Xiuwen, Bi and Hailian, Liang and Xiaofeng, Gu and Long, Huang},
  title = {Design of novel {DDSCR} with embedded {PNP} structure for {ESD} protection},
  journal = {Journal of Semiconductors},
  year = {2015},
  volume = {36},
  pages = {124007},
  number = {12},
  month = {Nov},
  doi = {10.1088/1674-4926/36/12/124007},
  owner = {Admin},
  timestamp = {2016.06.10}
}

@ARTICLE{PSO_Ye,
  author = {Meiying Ye and Xiaodong Wang and Yousheng Xu},
  title = {Parameter extraction of solar cells using particle swarm optimization},
  journal = {J. Appl. Phys.},
  year = {2009},
  volume = {105},
  pages = {094502},
  number = {9},
  month = {May},
  doi = {10.1063/1.3122082},
  owner = {oleg},
  timestamp = {2014.12.25}
}

@ARTICLE{Yildirima:DG,
  author = {Nezir Yildirim and Abdulmecit Turut and Veyis Turut},
  title = {The theoretical and experimental study on double-Gaussian distribution
	in inhomogeneous barrier-height Schottky contacts},
  journal = {Microelectron. Eng.},
  year = {2010},
  volume = {87},
  pages = {2225--2229},
  number = {11},
  month = {Nov},
  doi = {10.1016/j.mee.2010.02.007},
  owner = {oleg},
  timestamp = {2014.11.05}
}

@ARTICLE{Zaveryukhin2002,
  author = {Zaveryukhin, B.N. and Zaveryukhina, N.N. and Tursunkulov, O. M.},
  title = {Variation of the Reflection Coefficient of Semiconductors in a Wavelength
	Range from 0.2 to 20 $\mu$m under the Action of Ultrasonic Waves},
  journal = {Tech. Phys. Lett.},
  year = {2002},
  volume = {28},
  pages = {752--756},
  number = {9},
  month = {Sep},
  doi = {10.1134/1.1511774},
  owner = {Admin},
  timestamp = {2015.01.05}
}

@ARTICLE{Zaver:2008,
  author = {Zaveryukhina, N.N. and Zaveryukhina, E.B. and Vlasov, S.I. and Zaveryukhin,
	B.N.},
  title = {Acoustostimulated changes in the density of surface states and their
	energy spectrum in p--type silicon single crystals},
  journal = {Technical Physics Letters},
  year = {2008},
  volume = {34},
  pages = {241--243},
  number = {3},
  month = {Mar},
  doi = {10.1134/S106378500803019X},
  owner = {Admin},
  timestamp = {2014.01.31}
}

@ARTICLE{LambertSC_Zhang,
  author = {Chunfu Zhang and Jincheng Zhang and Yue Hao and Zhenhua Lin and Chunxiang
	Zhu},
  title = {A simple and efficient solar cell parameter extraction method from
	a single current-voltage curve},
  journal = {J. Appl. Phys.},
  year = {2011},
  volume = {110},
  pages = {064504},
  number = {6},
  month = {Sep},
  doi = {10.1063/1.3632971},
  owner = {oleg},
  timestamp = {2014.12.25}
}

@ARTICLE{PF:Zhdanova,
  author = {Zhdanova, N. G. and Kagan, M. S. and Landsberg, E. G. and Levkin,
	L. V. and Petrishchev, V.V.},
  title = {Ionization of shallow impurities by the electric field in a random
	Coulomb potential},
  journal = {JETP Lett.},
  year = {1995},
  volume = {62},
  pages = {119--123},
  number = {2},
  month = {Jul},
  owner = {oleg},
  timestamp = {2015.12.16}
}

@ARTICLE{Zhua,
  author = {S. Zhua and R. L. Van Meirhaeghea and C. Detaverniera and G.-P. Rub
	and B.-Z. Lib and F. Cardon},
  title = {A {BEEM} study of the temperature dependence of the barrier height
	distribution in {P}t{S}i/n--{S}i {S}chottky diodes},
  journal = {Solid State Communications},
  year = {1999},
  volume = {112},
  pages = {611--615},
  number = {11},
  month = {Oct},
  doi = {10.1016/S0038-1098(99)00404-4},
  owner = {oleg},
  timestamp = {2014.11.03}
}

@ARTICLE{Zobov2008,
  author = {Zobov, E.M. and Zobov, M.E. and Gabibov, F.S. and Kamilov, I.K. and
	Manyakhin, F.I. and Naimi, E.K.},
  title = {Effect of ultrasonic treatment on photoelectric and luminescent properties
	of ZnSe crystals},
  journal = {Semiconductors},
  year = {2008},
  volume = {42},
  pages = {277--280},
  number = {3},
  month = {Mar},
  doi = {10.1134/S1063782608030068},
  owner = {Admin},
  timestamp = {2014.01.31}
}

@BOOK{Markvart,
  title = {Solar Cells. Materials, Manufacture and Operation},
  publisher = {Academic Press},
  year = {2013},
  editor = {McEvoy, Augustin and Markvart, Tom and Castaner, Luis},
  address = {Oxford},
  edition = {Second},
  owner = {Admin},
  timestamp = {2017.01.07}
}

