@Article{Rahman2024,
author={Rahman, Md. Ferdous
and Shanto, Md. Abul Bashar
and Ali, Md. Ashraf
and Marasamy, Latha
and Benami, Abdellah
and Chaudhry, Aijaz Rasool
and Irfan, Ahmad},
title={A new exploration of the impact of different wide-bandgap S-chalcogenides Electron Transport Layers (ETL) on the performance of BaSi2-based solar cells},
journal={Emergent Materials},
year={2024},
month={Aug},
doi={10.1007/s42247-024-00821-y},
}
