% This file was created with JabRef 2.9.2.
% Encoding: UTF8

@ARTICLE{Bourgoin2001,
  author = {Bourgoin, J. C. and De Angelis, N.},
  title = {The defect responsible for non--radiative recombination in GaAs materials},
  journal = {Semicond. Sci. Technol.},
  year = {2001},
  volume = {16},
  pages = {497--501},
  number = {6},
  month = {Jun},
  doi = {10.1088/0268-1242/9/2/005},
  owner = {oleg},
  timestamp = {2020.03.26}
}

@BOOK{LockInThermography,
  title = {Lock-in Thermography},
  publisher = {Springer-Verlag Berlin Heidelberg},
  year = {2010},
  author = {Breitenstein, Otwin and Warta, Wilhelm and Langenkamp, Martin},
  volume = {10},
  pages = {258},
  series = {Springer Series in Advanced Microelectronics},
  edition = {2nd},
  doi = {10.1007/978-3-642-02417-7},
  owner = {Admin},
  timestamp = {2020.03.25}
}

@ARTICLE{Chantre_op,
  author = {Chantre, A. and Vincent, G. and Bois, D.},
  title = {Deep--level optical spectroscopy in GaAs},
  journal = {Phys. Rev. B},
  year = {1981},
  volume = {23},
  pages = {5335--5359},
  month = {May},
  doi = {10.1103/PhysRevB.23.5335},
  issue = {10}
}

@ARTICLE{Deixler,
  author = {Deixler,P. and Terry,J. and Hawkins,I. D. and Evans-Freeman,J. H.
	and Peaker,A. R. and Rubaldo,L. and Maude,D. K. and Portal,J.-C.
	and Dobaczewski,L. and Bonde Nielsen,K. and Nylandsted Larsen,A.
	and Mesli,A.},
  title = {Laplace--transform deep-level transient spectroscopy studies of the
	G4 gold--hydrogen complex in silicon},
  journal = {Appl. Phys. Lett.},
  year = {1998},
  volume = {73},
  pages = {3126--3128},
  number = {21},
  month = {Nov},
  doi = {10.1063/1.122694},
  eprint = { https://doi.org/10.1063/1.122694 },
  owner = {Admin},
  timestamp = {2020.03.29}
}

@ARTICLE{LDLTS1,
  author = {Dobaczewski,L. and Kaczor,P. and Hawkins,I. D. and Peaker,A. R.},
  title = {Laplace transform deepвЂђlevel transient spectroscopic studies of
	defects in semiconductors},
  journal = {Journal of Applied Physics},
  year = {1994},
  volume = {76},
  pages = {194--198},
  number = {1},
  month = {Jul},
  doi = {10.1063/1.357126},
  eprint = { https://doi.org/10.1063/1.357126 },
  owner = {Admin},
  timestamp = {2020.03.28}
}

@ARTICLE{LDLTS2,
  author = {Dobaczewski,L. and Peaker,A. R. and Bonde Nielsen,K. },
  title = {Laplace-transform deep--level spectroscopy: The technique and its
	applications to the study of point defects in semiconductors},
  journal = {J. Appl. Phys.},
  year = {2004},
  volume = {96},
  pages = {4689--4728},
  number = {9},
  month = {Nov},
  doi = {10.1063/1.1794897},
  eprint = { https://doi.org/10.1063/1.1794897 },
  owner = {Admin},
  timestamp = {2020.03.28}
}

@BOOK{Krause,
  title = {Positron Annihilation in Semiconductors: Defect Studies},
  publisher = {Springe},
  year = {2003},
  author = {Krause-Rehberg,  Reinhard and Leipner, Hartmut S.},
  volume = {127},
  pages = {383},
  series = {Springer Series in Solid-State Sciences},
  owner = {Admin},
  timestamp = {2020.04.05}
}

@ARTICLE{Lang,
  author = {Lang, D. V.},
  title = {Deepв level transient spectroscopy: A new method to characterize
	traps in semiconductors},
  journal = {Journal of Applied Physics},
  year = {1974},
  volume = {45},
  pages = {3023--3032},
  number = {7},
  month = {Jul},
  doi = {10.1063/1.1663719},
  eprint = { https://doi.org/10.1063/1.1663719 },
  owner = {Admin},
  timestamp = {2020.03.25}
}

@ARTICLE{Pasler_op,
  author = {P\"{a}ssler,Roland},
  title = {Photoionization cross-section analysis for a deep trap contributing
	to current collapse in GaN field-effect transistors},
  journal = {J. Appl. Phys.},
  year = {2004},
  volume = {96},
  pages = {715--722},
  number = {1},
  month = {Jul},
  doi = {10.1063/1.1753076},
  eprint = { https://doi.org/10.1063/1.1753076 },
  owner = {Admin},
  timestamp = {2020.03.26}
}

@ARTICLE{Peaker,
  author = {Peaker,A. R. and Markevich,V. P. and Coutinho,J.},
  title = {Tutorial: Junction spectroscopy techniques and deep--level defects
	in semiconductors},
  journal = {Journal of Applied Physics},
  year = {2018},
  volume = {123},
  pages = {161559},
  number = {16},
  month = {Apr},
  doi = {10.1063/1.5011327},
  eprint = { https://doi.org/10.1063/1.5011327 },
  owner = {Admin},
  timestamp = {2020.03.29}
}

@BOOK{ReinLS,
  title = {Lifetime Spectroscopy},
  publisher = {Springer-Verlag Berlin Heidelberg},
  year = {205},
  author = {Rein, Stefan},
  volume = {85},
  pages = {492},
  series = {Springer Series in Materials Science},
  doi = {10.1007/3-540-27922-9},
  owner = {Admin},
  timestamp = {2020.03.25}
}

@ARTICLE{ROUGIEUX2018,
  author = {Fiacre E. Rougieux and Chang Sun and Daniel Macdonald},
  title = {Determining the charge states and capture mechanisms of defects in
	silicon through accurate recombination analyses: A review},
  journal = {Solar Energy Materials and Solar Cells},
  year = {2018},
  volume = {187},
  pages = {263 -- 272},
  month = {Dec},
  doi = {https://doi.org/10.1016/j.solmat.2018.07.029},
  issn = {0927-0248},
  owner = {Admin},
  timestamp = {2020.03.26}
}

@ARTICLE{Sachenko2017,
  author = {Sachenko, A.V. and Kostylyov, V.P. and Vlasiuk, V.M. and Korkishko,
	R.M. and Sokolovskyi, I.O. and Chernenko, V.V. and Evstigneev, M.A.},
  title = {Influence of non--radiative exciton recombination in silicon on photoconversion
	efficiency. 2. Short Shockley--Read--Hall lifetimes},
  journal = {Semicond. Phys. Quantum Electron. Optoelectron.},
  year = {2017},
  volume = {20},
  pages = {34--40},
  number = {1},
  doi = {10.15407/spqeo20.01.034},
  owner = {Admin},
  timestamp = {2017.04.17}
}

@BOOK{Schroder2006,
  title = {Semiconductor Material and Device Characterization},
  publisher = {John Wiley \& Sons},
  year = {2006},
  author = {D. K. Schroder},
  address = {New Jersey},
  edition = {Third},
  doi = {10.1002/0471749095},
  numpages = {781},
  owner = {Admin},
  timestamp = {2014.01.31}
}

@ARTICLE{PAS,
  author = {Tuomisto, Filip and Makkonen, Ilja},
  title = {Defect identification in semiconductors with positron annihilation:
	Experiment and theory},
  journal = {Rev. Mod. Phys.},
  year = {2013},
  volume = {85},
  pages = {1583--1631},
  month = {Nov},
  doi = {10.1103/RevModPhys.85.1583},
  issue = {4}
}

@ARTICLE{Uedono_2014,
  author = {A. Uedono and S. Ishibashi and N. Oshima and R. Suzuki and M. Sumiya},
  title = {(Invited) Point Defect Characterization of Group-{III} Nitrides by
	Using Monoenergetic Positron Beams},
  journal = {{ECS} Transactions},
  year = {2014},
  volume = {61},
  pages = {19--30},
  number = {5},
  month = {Mar},
  doi = {10.1149/06105.0019ecst},
  owner = {Admin},
  publisher = {The Electrochemical Society},
  timestamp = {2020.04.05}
}

@BOOK{ThoricBook,
  title = {Структурная релаксация в полупроводниковых кристаллах и приборных
	структурах (механизмы релаксации, методы исследования, роль в деградации
	приборов)},
  publisher = {Видавництво <<Фенiкс>>},
  year = {1994},
  author = {Венгер, Е. Ф. and Грендель, М. and Данишка, В. and Конакова, Р. В.
	and Прокопенко, И. В. and Тхорик, Ю. А. and Хазан, Л. С.},
  editor = {Тхорика, Ю.А},
  address = {Київ},
  language = {russian},
  numpages = {246},
  owner = {Admin},
  timestamp = {2020.03.24}
}

@BOOK{Eliseev,
  title = {Функциональные наноматериалы},
  publisher = {Физматлит},
  year = {2010},
  author = {Елисеев, А.А. and Лукашин, А.В.},
  pages = {456},
  address = {М.},
  language = {russian},
  owner = {Admin},
  timestamp = {2020.03.25}
}

@BOOK{Lanno,
  title = {Точечные дефекты в полупроводниках. Экспериментальные аспекты},
  publisher = {Мир},
  year = {1985},
  author = {Ланно, М. and Бургуэн, Ж.},
  pages = {304},
  address = {М.},
  language = {russian},
  owner = {Admin},
  timestamp = {2020.03.25}
}

@BOOK{Mironov,
  title = {Основы сканирующей зондовой микроскопии},
  publisher = {Ин-т физики микроструктур},
  year = {2004},
  author = {Миронов, В.Л.},
  pages = {114},
  address = {Нижний Новгород},
  language = {russian},
  owner = {Admin},
  timestamp = {2020.03.25}
}

@BOOK{Pavlov,
  title = {Методы измерения параметров полупроводниковых материалов},
  publisher = {Высшая школа},
  year = {1987},
  author = {Павлов, Л.П.},
  pages = {239},
  address = {М.},
  language = {russian},
  owner = {Admin},
  timestamp = {2020.03.25}
}

@BOOK{Shishiyanu,
  title = {Диффузия и деградация в полупроводниковых материалах и приборах},
  publisher = {Штиинца},
  year = {1978},
  author = {Шишияну, Ф.С.},
  address = {Кишинев},
  language = {russian},
  numpages = {230},
  owner = {Admin},
  timestamp = {2020.03.26}
}

@BOOK{ACMMR10,
  title = {Advances in Condensed Matter and Materials Research},
  publisher = {Nova Science Publishers Inc},
  year = {2011},
  editor = {Geelvinck, Hans and Reynst, Sjaak},
  volume = {10},
  pages = {424},
  owner = {Admin},
  timestamp = {2020.03.25}
}

@BOOK{Stavola,
  title = {Identification of Defects in Semiconductors},
  publisher = {Academic Press},
  year = {1998},
  editor = {Stavola, Michael},
  volume = {51B},
  pages = {434},
  series = {Semiconductors and Semimetals},
  owner = {Admin},
  timestamp = {2020.03.25}
}

@BOOK{tuomisto2019,
  title = {Characterisation and Control of Defects in Semiconductors},
  publisher = {Institution of Engineering \& Technology},
  year = {2019},
  editor = {Tuomisto, F.},
  volume = {45},
  pages = {596},
  series = {Materials, Circuits and Devices},
  doi = {10.1049/PBCS045E},
  isbn = {9781785616556},
  owner = {Admin},
  timestamp = {2020.03.25}
}

@comment{jabref-meta: databaseType:bibtex;}

