@techreport{IEC61215-2_2021,
  title        = {{IEC 61215-2:2021 - Terrestrial photovoltaic (PV) modules – Design qualification and type approval – Part 2: Test procedures}},
  institution  = {International Electrotechnical Commission (IEC)},
  year         = {2021},
  number       = {IEC 61215-2:2021},
  type         = {International Standard},
  address      = {Geneva, Switzerland},
  note         = {\url{https://webstore.iec.ch/publication/61174}}
}