@article{https://doi.org/10.1002/pssa.2211390133,
author = {Jamnick√Ω, I. and Bury, P.},
title = {Acoustic version of lang's DLTS for MIS structure investigation},
journal = {physica status solidi (a)},
volume = {139},
number = {1},
pages = {K35-K38},
doi = {https://doi.org/10.1002/pssa.2211390133},
url = {https://onlinelibrary.wiley.com/doi/abs/10.1002/pssa.2211390133},
eprint = {https://onlinelibrary.wiley.com/doi/pdf/10.1002/pssa.2211390133},
year = {1993}
}

