@article{article,
author = {Mohamed, Maoudj and Djoudi, Bouhafs and Bourouba, Nacerdine and Khelifati, Nabil and Abdelkader, el amrani and Boufnik, Rabah and Ferhat, Abdelhak},
year = {2017},
month = {09},
pages = {725-727},
title = {Investigation of Degradation of Electrical Properties after Thermal Oxidation of p-Type Cz-Silicon Wafers},
volume = {132},
journal = {Acta Physica Polonica A},
doi = {10.12693/APhysPolA.132.725}
}