





@article{doi:10.1063/5.0011995,
author = {Xu,Jianxing  and Wang,Rong  and Zhang,Liang  and Zhang,Shiyong  and Zheng,Penghui  and Zhang,Ying  and Song,Yu  and Tong,Xiaodong },
title = {Early stage degradation related to dislocation evolution in neutron irradiated AlGaN/GaN HEMTs},
journal = {Applied Physics Letters},
volume = {117},
number = {2},
pages = {023501},
year = {2020},
doi = {10.1063/5.0011995},

URL = { 
        https://doi.org/10.1063/5.0011995
    
},
eprint = { 
        https://doi.org/10.1063/5.0011995
    
}

}


