@ARTICLE{PratapSingh2019,
  author  = {Singh, B. P. and Goyal, S. K. and Siddiqui S. A.},
  title   = {Grid Connected-Photovoltaic System (GC-PVS): Issues and Challenges},
  journal = {IOP Conf. Ser. Mater. Sci. Eng.}, 
  volume  = {594},
  year    = {2019},
  pages   = {012032}
}

@BOOK{Claers2018,
  author  = {Claeys, C. and Simoen, E.},
  title   = {Metal Impurities in Silicon- and Germanium-Based Technologies: Origin, Characterization, Control, and Device Impact},
  series  = {Springer Ser. Mater. Sci.}, 
  volume  = {270},
  year    = {2018},
  pages   = {1-438?}
}

@ARTICLE{Goetzberger1960,
  author  = {Goetzberger, A. and Shockley, W.},
  title   = {Metal Precipitates in Silicon p‐n Junctions},
  journal = {J. Appl. Phys.}, 
  volume  = {31},
  year    = {1960},
  pages   = {1821-1824}
}

@ARTICLE{Pearce1977,
  author  = {Pearce, C. W. and McMahon, R. G.},
  title   = {Role of metallic contamination in the formation of ’’saucer’’ pit defects in epitaxial silicon},
  journal = {J. Vac. Sci. Technol.}, 
  volume  = {14},
  year    = {1977},
  pages   = {40-43}
}

@ARTICLE{Istratov2000,
  author  = {Istratov, A. A. and Hieslmair, H. and Weber, E.R.},
  title   = {Iron contamination in silicon technology},
  journal = {Appl. Phys. A}, 
  volume  = {70},
  year    = {2000},
  pages   = {489–534}
}

@ARTICLE{Lee1980,
  author  = {Lee, K. and Nussbaum, A.},
  title   = {The influences of traps on the generation-recombination current in silicon diodes},
  journal = {Solid-State Electron.}, 
  volume  = {23},
  year    = {1980},
  pages   = {655-660}
}

@ARTICLE{Breitenstein2004,
  author  = {Breitenstein, O. and Rakotoniaina, J. P. and Al Rifai, M. H. and Werner, M.},
  title   = {Shunt types in crystalline silicon solar cells},
  journal = {Prog. Photovolt.: Res. Appl.}, 
  volume  = {12},
  year    = {2004},
  pages   = {529-538}
}

@ARTICLE{Buonassisi2006,
  author  = {Buonassisi, T. and Istratov, A. A. and Pickett, M. D. and Heuer, M. and Kalejs, J. P. and Hahn, G. and Marcus, M. A. and Lai, B. and Cai, Z. and Heald, S. M.},
  title   = {Chemical natures and distributions of metal impurities in multicrystalline silicon materials},
  journal = {Prog. Photovolt.: Res. Appl.}, 
  volume  = {14},
  year    = {2004},
  pages   = {513-531}
}

@ARTICLE{Schubert2015,
  author  = {Schubert, M. C. and Padilla, M. and Michl, B. and Mundt, L. and Giesecke, J. and Hohl-Ebinger, J. and Benick, J. and Warta, W. and Tajima, M. and Ogura, A.},
  title   = {Iron related solar cell instability: Imaging analysis and impact on cell performance},
  journal = {Sol. Energy Mater. Sol. Cells}, 
  volume  = {138},
  year    = {2015},
  pages   = {96-101}
}

@ARTICLE{Herguth2022,
  author  = {Herguth, A.},
  title   = {Quantification of Iron in Boron-Doped Silicon Solar Cells From Open Circuit Voltage Measurements},
  journal = {IEEE J. Photovolt.}, 
  volume  = {12},
  year    = {2022},
  pages   = {937-947}
}

@ARTICLE{Kimerling1983,
  author  = {Kimerling, L.C. and Benton, J.L.},
  title   = {Electronically controlled reactions of interstitial iron in silicon},
  journal = {Physica B+C}, 
  volume  = {116},
  year    = {1983},
  pages   = {297-300}
}

@ARTICLE{Zoth1990,
  author  = {Zoth, G. and Bergholz, W.},
  title   = {A fast, preparation‐free method to detect iron in silicon},
  journal = {J. Appl. Phys.}, 
  volume  = {67},
  year    = {1990},
  pages   = {6764-6771}
}

@ARTICLE{Tousek2008,
  author  = {Tou\v{s}ek, J. and Tou\v{s}kov\'a, J.},
  title   = {A novel approach to the surface photovoltage method},
  journal = {Sol. Energy Mater. Sol. Cells}, 
  volume  = {92},
  year    = {2008},
  pages   = {1020-1024}
}

@ARTICLE{Olikh2019,
  author  = {Olikh, O.Ya.},
  title   = {Relationship between the ideality factor and the iron concentration in silicon solar cells},
  journal = {Superlattices Microstruct.}, 
  volume  = {136},
  year    = {2019},
  pages   = {106309}
}

@ARTICLE{Passler2002,
  author  = {P\"assler, R.},
  title   = {Dispersion-related description of temperature dependencies of band gaps in semiconductors},
  journal = {Phys. Rev. B}, 
  volume  = {66},
  year    = {2002},
  pages   = {085201}
}

@ARTICLE{Yan2014,
  author  = {Yan, D. and Cuevas, A.},
  title   = {Empirical determination of the energy band gap narrowing in p+ silicon heavily doped with boron},
  journal = {J. Appl. Phys.}, 
  volume  = {116},
  year    = {2014},
  pages   = {194505}
}

@ARTICLE{Couderc2014,
  author  = {Couderc, R. and Amara, M. and Lemiti, M.},
  title   = {Reassessment of the intrinsic carrier density temperature dependence in crystalline silicon},
  journal = {J. Appl. Phys.}, 
  volume  = {115},
  year    = {2014},
  pages   = {093705}
}

@ARTICLE{Green1990,
  author  = {Green, M. A.},
  title   = {Intrinsic concentration, effective densities of states, and effective mass in silicon},
  journal = {J. Appl. Phys.}, 
  volume  = {67},
  year    = {1990},
  pages   = {2944-2954}
}

@BOOK{O'Mara1990,
  author  = {O'Mara, W. C. and Herring, R. B. and Hunt, L. P.},
  title   = {Handbook of Semiconductor Silicon Technology},
  series  = {Materials science and process technology series}, 
  volume  = {},
  year    = {1990},
  pages   = {1-795?}
}

@ARTICLE{Klaassen1992,
  author  = {Klaassen, D.B.M.},
  title   = {A unified mobility model for device simulation—I. Model equations and concentration dependence},
  journal = {Solid-State Electron.}, 
  volume  = {35},
  year    = {1992},
  pages   = {953-959}
}