@ARTICLE{Bohlin,
  author = {K. E. Bohlin},
  title = {Generalized Norde plot including determination of the ideality factor},
  journal = {J. Appl. Phys.},
  year = {1986},
  volume = {60},
  pages = {1223--1224},
  number = {3},
  month = {Aug},
  doi = {10.1063/1.337372},
  owner = {oleg},
  timestamp = {2014.12.25}
}

@ARTICLE{Olikh:MRS2007a,
  author = {Burbelo, Roman M. and Olikh, Oleg Y. and Hinders, Mark K.},
  title = {The Dynamic Ultrasound Influence on the Diffusion and Drift of the
	Charge Carriers in Silicon p-n Structures},
  journal = {MRS Proceedings},
  year = {2007},
  volume = {994},
  pages = {0994–F03-11},
  doi = {10.1557/PROC-0994-F03-11},
  owner = {Admin},
  timestamp = {2018.05.20}
}

@ARTICLE{Cataldo,
  author = {Cataldo, Enrico and Di Lieto, Alberto and Maccarrone, Francesco and
	Paffuti, Giampiero},
  title = {On a rapidly converging iterative algorithm for diode parameter extraction
	from a single {IV} curve},
  journal = {J. Phys. Commun.},
  year = {2017},
  volume = {1},
  pages = {055008},
  number = {5},
  month = {Dec},
  doi = {10.1088/2399-6528/aa95e3},
  owner = {Admin},
  timestamp = {2018.02.12}
}

@ARTICLE{Cheung,
  author = {Cheung, S.K. and Cheung, N. W.},
  title = {Extraction of Schottky diode parameters from forward current-voltage
	characteristics},
  journal = {Appl. Phys. Lett.},
  year = {1986},
  volume = {49},
  pages = {85--87},
  number = {2},
  month = {Jul},
  doi = {10.1063/1.97359},
  owner = {Admin},
  timestamp = {2014.12.28}
}

@ARTICLE{Cibils,
  author = {Roberto M. Cibils and Roman H. Buitrago},
  title = {Forward I-V plot for nonideal Schottky diodes with high series resistance},
  journal = {J. Appl. Phys.},
  year = {1985},
  volume = {58},
  pages = {1075--1077},
  number = {2},
  month = {Jul},
  doi = {10.1063/1.336222},
  owner = {oleg},
  timestamp = {2014.12.25}
}

@ARTICLE{DEModif,
  author = {Cui, Laizhong and Li, Genghui and Lin, Qiuzhen and Chen, Jianyong
	and Lu, Nan},
  title = {Adaptive differential evolution algorithm with novel mutation strategies
	in multiple sub--populations},
  journal = {Computers \& Operations Research},
  year = {2016},
  volume = {67},
  pages = {155--173},
  month = {Mar},
  doi = {10.1016/j.cor.2015.09.006},
  owner = {Admin},
  timestamp = {2018.01.23}
}

@ARTICLE{Donoval2010,
  author = {D. Donoval and A. Chvála and R. Šramatý and J. Kováč and J.-F. Carlin
	and N. Grandjean and G. Pozzovivo and J. Kuzmík and D. Pogany and
	G. Strasser and P. Kordoš},
  title = {Current transport and barrier height evaluation in {N}i/{I}n{A}l{N}/{G}a{N}
	{S}chottky diodes},
  journal = {Appl. Phys. Lett.},
  year = {2010},
  volume = {96},
  pages = {223501},
  number = {22},
  month = {May},
  doi = {10.1063/1.3442486},
  owner = {Admin},
  timestamp = {2018.02.19}
}

@ARTICLE{Donoval,
  author = {Donoval, D. and de Sousa Pires, J. and Tove, P.A. and Harman, R.},
  title = {A self consistent approach to {IV}--measurements on rectifying metal--semiconductor
	contacts},
  journal = {Solid-State Electron.},
  year = {1989},
  volume = {32},
  pages = {961--964},
  number = {11},
  month = {Nov},
  doi = {10.1016/0038-1101(89)90156-1},
  owner = {Admin},
  timestamp = {2015.01.09}
}

@ARTICLE{Evangelou,
  author = {Evangelou, E.K. and Papadimitriou, L. and Dimitriades, C.A. and Giakoumakis,
	G.E.},
  title = {Extraction of Schottky diode (and p--n junction) parameters from
	I--V characteristics},
  journal = {Solid-State Electron.},
  year = {1993},
  volume = {36},
  pages = {1633--1635},
  number = {11},
  month = {Nov},
  doi = {10.1016/0038-1101(93)90037-Q},
  owner = {Admin},
  timestamp = {2015.01.09}
}

@ARTICLE{Ferhat,
  author = {Ferhat-Hamida, A. and Ouennoughi, Z. and Hoffmann, A. and Weiss,
	R.},
  title = {Extraction of Schottky diode parameters including parallel conductance
	using a vertical optimization method},
  journal = {Solid-State Electron.},
  year = {2002},
  volume = {46},
  pages = {615--619},
  number = {5},
  month = {May},
  doi = {10.1016/S0038-1101(01)00337-9},
  owner = {Admin},
  timestamp = {2015.01.09}
}

@ARTICLE{Gorb2010,
  author = {Gorb, A.M. and Korotchenkov, O.A. and Olikh, O.Ya and Podolian, A.O.},
  title = {Ultrasonically Recovered Performance of $\gamma-$Irradiated Metal-Silicon
	Structures},
  journal = {IEEE Trans. Nucl. Sci.},
  year = {2010},
  volume = {57},
  pages = {1632--1639},
  number = {3},
  month = {June},
  doi = {10.1109/TNS.2010.2047655},
  owner = {Admin},
  timestamp = {2014.01.31}
}

@ARTICLE{Gromov,
  author = {D. Gromov and V. Pugachevich},
  title = {Modified methods for the calculation of real Schottky-diode parameters},
  journal = {Appl. Phys. A},
  year = {1994},
  volume = {59},
  pages = {331--333},
  number = {3},
  month = {Sep},
  doi = {10.1007/BF00348239},
  owner = {oleg},
  timestamp = {2014.01.29}
}

@ARTICLE{P-DE_Ishaque,
  author = {Kashif Ishaque and Zainal Salam and Hamed Taheri and Amir Shamsudin},
  title = {A critical evaluation of EA computational methods for Photovoltaic
	cell parameter extraction based on two diode model},
  journal = {Solar Energy},
  year = {2011},
  volume = {85},
  pages = {1768--1779},
  number = {9},
  month = {Sep},
  doi = {10.1016/j.solener.2011.04.015},
  owner = {oleg},
  timestamp = {2014.12.25}
}

@ARTICLE{LambertSC_Jain,
  author = {Amit Jain and Avinashi Kapoor},
  title = {A new method to determine the diode ideality factor of real solar
	cell using Lambert W-function},
  journal = {Sol. Energy Mater. Sol. Cells},
  year = {2005},
  volume = {85},
  pages = {391--396},
  number = {3},
  month = {Jan},
  doi = {10.1016/j.solmat.2004.05.022},
  owner = {oleg},
  timestamp = {2014.12.25}
}

@ARTICLE{Jiang:DG,
  author = {Yu-Long Jiang and Guo-Ping Ru and Fang Lu and Xin-Ping Qu and Bing-Zong
	Li and Wei Li and Ai-Zhen Li},
  title = {Schottky Barrier Height Inhomogeneity of Ti/n-GaAs Contact Studied
	by the I-V-T Technique},
  journal = {Chin. Phys. Lett.},
  year = {2002},
  volume = {19},
  pages = {553--556},
  number = {4},
  month = {Apr},
  doi = {10.1088/0256-307X/19/4/332},
  owner = {oleg},
  timestamp = {2014.11.05}
}

@ARTICLE{Jiang:DGJap,
  author = {Yu--Long Jiang and Guo--Ping Ru and Fang Lu and Xin-Ping Qu and Bing--Zong
	Li and Simon Yang},
  title = {Ni/Si solid phase reaction studied by temperature--dependent current--voltage
	technique},
  journal = {J. Appl. Phys.},
  year = {2003},
  volume = {93},
  pages = {866--870},
  number = {2},
  month = {Jan},
  doi = {10.1063/1.1527714},
  owner = {oleg},
  timestamp = {2014.11.05}
}

@ARTICLE{Lambert_Jung,
  author = {W. Jung and M. Guziewicz},
  title = {Schottky diode parameters extraction using Lambert W function},
  journal = {Materials Science and Engineering: B},
  year = {2009},
  volume = {165},
  pages = {57--59},
  number = {1--2},
  month = {Nov},
  doi = {10.1016/j.mseb.2009.02.013},
  owner = {oleg},
  timestamp = {2014.12.25}
}

@ARTICLE{Kaminski,
  author = {Kaminski, A. and Marchand, J.J. and Laugier, A.},
  title = {I-V methods to extract junction parameters with special emphasis
	on low series resistance},
  journal = {Solid-State Electron.},
  year = {1999},
  volume = {43},
  pages = {741--745},
  number = {4},
  month = {Apr},
  doi = {10.1016/S0038-1101(98)00338-4},
  owner = {oleg},
  timestamp = {2014.12.25}
}

@INPROCEEDINGS{Kaminski_n,
  author = {Kaminski, A. and Marchand, J. J. and Omari, H. E. and Laugier, A.
	and Le, Q. N. and Sarti, D.},
  title = {Conduction processes in silicon solar cells},
  booktitle = {Proceedings of the 25th IEEE Photovoltaic Specialists Conference},
  year = {1996},
  pages = {573--576},
  month = {May},
  note = {{W}ashington, DC, USA},
  owner = {oleg},
  timestamp = {2017.04.11}
}

@ARTICLE{MABC,
  author = {Nurhan Karaboga and Serdar Kockanat and Hulya Dogan},
  title = {The parameter extraction of the thermally annealed Schottky barrier
	diode using the modified artificial bee colony},
  journal = {Appl. Intell.},
  year = {2013},
  volume = {38},
  pages = {279--288},
  number = {3},
  month = {Apr},
  doi = {10.1007/s10489-012-0372-x},
  owner = {oleg},
  timestamp = {2014.10.30}
}

@ARTICLE{T0:Lee,
  author = {Lee, T. C. and Chen, T. P. and Au, H. L. and Fung, S. and Beling,
	C. D.},
  title = {Temperature dependence of the ideality factor of {G}a{A}s and {S}i
	{S}chottky diodes},
  journal = {Phys. Status Solidi A},
  year = {1995},
  volume = {152},
  pages = {563--571},
  number = {2},
  month = {Dec},
  doi = {10.1002/pssa.2211520225},
  owner = {Admin},
  timestamp = {2015.01.10}
}

@ARTICLE{GA_Li,
  author = {Yiming Li},
  title = {An automatic parameter extraction technique for advanced CMOS device
	modeling using genetic algorithm},
  journal = {Microelectron. Eng.},
  year = {2007},
  volume = {84},
  pages = {260--272},
  number = {2},
  month = {Feb},
  doi = {10.1016/j.mee.2006.02.010},
  owner = {Admin},
  timestamp = {2015.01.09}
}

@ARTICLE{Lien,
  author = {Lien, C. D. and So, F.C.T. and Nicolet, M.A.},
  title = {An improved forward I-V method for nonideal Schottky diodes with
	high series resistance},
  journal = {IEEE Trans. Electron Devices},
  year = {1984},
  volume = {ED-31},
  pages = {1502--1503},
  number = {10},
  month = {Oct},
  doi = {10.1109/T-ED.1984.21739},
  owner = {Admin},
  timestamp = {2015.01.09}
}

@ARTICLE{Manifacier,
  author = {Manifacier, J.-C. and Brortryb, N. and Ardebili, R. and Charles,
	J.-P.},
  title = {Schottky diode: Comments concerning the diode parameters determination
	from the forward I--V plot},
  journal = {J. Appl. Phys.},
  year = {1988},
  volume = {64},
  pages = {2502--2504},
  number = {5},
  month = {Sep},
  doi = {10.1063/1.341632},
  owner = {Admin},
  timestamp = {2015.01.09}
}

@ARTICLE{T0:McCafferty,
  author = {McCafferty, P. G. and Sellai, A. and Dawson, P. and Elabd, H.},
  title = {Barrier characteristics of {P}t{S}i/p--{S}i {S}chottky diodes as
	determined from {I}--{V}--{T} measurements},
  journal = {Solid-State Electron.},
  year = {1996},
  volume = {39},
  pages = {583--592},
  number = {4},
  month = {Apr},
  doi = {10.1016/0038-1101(95)00162-X},
  owner = {Admin},
  timestamp = {2015.01.10}
}

@ARTICLE{Mikhelashvili,
  author = {Mikhelashvili, V. and Eisenstein, G. and Garber, V. and Fainleib,
	S. and Bahir, G. and Ritter, D. and Orenstein, M. and Peer, A.},
  title = {On the extraction of linear and nonlinear physical parameters in
	nonideal diodes},
  journal = {J. Appl. Phys.},
  year = {1999},
  volume = {85},
  pages = {6873--6883},
  number = {9},
  month = {May},
  doi = {10.1063/1.370206},
  owner = {oleg},
  timestamp = {2014.12.25}
}

@ARTICLE{MikhelashviliJAP2017,
  author = {Mikhelashvili, V. and Padmanabhan, R. and Eisenstein, G.},
  title = {Simplified parameter extraction method for single and back--to--back
	{S}chottky diodes fabricated on silicon--on--insulator substrates},
  journal = {J. Appl. Phys.},
  year = {2017},
  volume = {122},
  pages = {034503},
  number = {3},
  month = {Jul},
  doi = {10.1063/1.4994176},
  owner = {Admin},
  timestamp = {2018.02.12}
}

@ARTICLE{Norde,
  author = {H. Norde},
  title = {A modified forward /-V plot for Schottky diodes with high series
	resistance},
  journal = {J. Appl. Phys.},
  year = {1979},
  volume = {50},
  pages = {5052--5053},
  number = {7},
  month = {Jul},
  doi = {10.1063/1.325607},
  owner = {oleg},
  timestamp = {2014.12.25}
}

@ARTICLE{Olikh2019SM,
  author = {O.Ya. Olikh},
  title = {Relationship between the ideality factor and the iron concentration
	in silicon solar cells},
  journal = {Superlattices Microstruct.},
  year = {2019},
  volume = {136},
  pages = {106309},
  month = {Dec},
  doi = {10.1016/j.spmi.2019.106309},
  owner = {Admin},
  timestamp = {2020.08.16}
}

@ARTICLE{Olikh2018SM,
  author = {Olikh, O.Ya.},
  title = {Acoustically driven degradation in single crystalline silicon solar
	cell},
  journal = {Superlattices Microstruct.},
  year = {2018},
  volume = {117},
  pages = {173--188},
  month = {May},
  doi = {10.1016/j.spmi.2018.03.027},
  owner = {Admin},
  timestamp = {2018.03.16}
}

@ARTICLE{Olikh:Ultras,
  author = {Oleg Olikh},
  title = {Reversible influence of ultrasound on $\gamma-$irradiated {M}o/n-{S}i
	{S}chottky barrier structure},
  journal = {Ultrasonics},
  year = {2015},
  volume = {56},
  pages = {545--550},
  month = {Feb},
  doi = {10.1016/j.ultras.2014.10.008},
  owner = {oleg},
  timestamp = {2014.10.28}
}

@ARTICLE{Olikh2013Sem,
  author = {Olikh, O.Y.},
  title = {Effect of ultrasonic loading on current in {M}o/n-n$^+$-{S}i with
	{S}chottky barriers},
  journal = {Semiconductors},
  year = {2013},
  volume = {47},
  pages = {987--992},
  number = {7},
  month = {July},
  doi = {10.1134/S106378261307018X},
  owner = {Admin},
  timestamp = {2014.01.31}
}

@ARTICLE{Olikh2011Sem,
  author = {Olikh, O.Y.},
  title = {Features of dynamic acoustically induced modification of photovoltaic
	parameters of silicon solar cells},
  journal = {Semiconductors},
  year = {2011},
  volume = {45},
  pages = {798--804},
  number = {6},
  month = {June},
  doi = {10.1134/S1063782611060170},
  owner = {Admin},
  timestamp = {2014.01.31}
}

@INPROCEEDINGS{Olikh:MRS2007,
  author = {Olikh, O.Ya. and Burbelo, R. and Hinders, M.},
  title = {The Dynamic Ultrasound Influence on Diffusion and Drift of the Charge
	Carriers in Silicon p--n Structures},
  booktitle = {Semiconductor Defect Engineering --- Materials, Synthetic, Structures
	and Devices II},
  year = {2007},
  editor = {Ashok, S. and Kiesel, P. and Chevallier, J. and Ogino, T.},
  volume = {994},
  series = {Materials Research Society Symposium Proceedings},
  pages = {269--274},
  address = {Warrendale, PA},
  owner = {Admin},
  timestamp = {2018.01.21}
}

@ARTICLE{Olikh2006TPL,
  author = {Olikh, O.Ya. and Pinchuk, T.N.},
  title = {Acoustic wave corrected current-voltage characteristics of {G}a{A}s-based
	structures with {S}chottky contacts},
  journal = {Tech. Phys. Lett.},
  year = {2006},
  volume = {32},
  pages = {517--519},
  number = {6},
  month = {June},
  doi = {10.1134/S1063785006060204},
  owner = {Admin},
  timestamp = {2014.01.31}
}

@ARTICLE{Olikh:Ultras2016,
  author = {Olikh, Oleg and Voytenko, Katerina},
  title = {On the mechanism of ultrasonic loading effect in silicon--based {S}chottky
	diodes},
  journal = {Ultrasonics},
  year = {2016},
  volume = {66},
  pages = {1--3},
  number = {1},
  month = {Mar},
  doi = {10.1016/j.ultras.2015.12.001},
  owner = {oleg},
  timestamp = {2015.12.15}
}

@ARTICLE{Olikh:Rev,
  author = {Olikh, O. Ya.},
  title = {Review and test of methods for determination of the {S}chottky diode
	parameters},
  journal = {J. Appl. Phys.},
  year = {2015},
  volume = {118},
  pages = {024502},
  number = {2},
  month = {Jul},
  doi = {10.1063/1.4926420},
  owner = {Admin},
  timestamp = {2018.01.07}
}

@ARTICLE{Olikh:2013IEEE,
  author = {Olikh, O. Ya.},
  title = {Non-Monotonic $\gamma-$Ray Influence on {M}o/n-{S}i {S}chottky Barrier
	Structure Properties},
  journal = {IEEE Trans. Nucl. Sci.},
  year = {2013},
  volume = {60},
  pages = {394--401},
  number = {1},
  month = {Feb},
  part = {2},
  doi = {10.1109/TNS.2012.2234137},
  owner = {Admin},
  timestamp = {2014.01.31}
}

@ARTICLE{Olikh2009Sem,
  author = {O. Ya. Olikh},
  title = {The Variation in Activity of Recombination Centers in Silicon $p$--$n$
	Structures under the Conditions of Acoustic Loading},
  journal = {Semiconductors},
  year = {2009},
  volume = {43},
  pages = {745--750},
  number = {6},
  month = {Jun},
  doi = {10.1134/S1063782609060116},
  owner = {oleg},
  timestamp = {2014.11.07}
}

@ARTICLE{Olikh2018JAP,
  author = {Olikh, O. Ya. and Gorb, A. M. and Chupryna, R. G. and Pristay--Fenenkov,
	O. V.},
  title = {Acousto--defect interaction in irradiated and non--irradiated silicon
	$n^+$--$p$ structure},
  journal = {J. Appl. Phys.},
  year = {2018},
  volume = {123},
  pages = {161573},
  number = {16},
  month = {Apr},
  doi = {10.1063/1.5001123},
  owner = {Admin},
  timestamp = {2018.01.04}
}

@ARTICLE{OlikhPSS,
  author = {Olikh, O. Ya. and Ostrovskii, I. V.},
  title = {Ultrasound-Stimulated Increase in the Electron Diffusion Length in
	p--Si Crystals},
  journal = {Phys. Solid State},
  year = {2002},
  volume = {44},
  pages = {1249--1253},
  number = {7},
  month = {Jul},
  doi = {10.1134/1.1494617},
  owner = {Admin},
  timestamp = {2015.01.05}
}

@ARTICLE{OlikhJAP,
  author = {Olikh, O. Ya. and Voytenko, K. V. and Burbelo, R. M.},
  title = {Ultrasound influence on {I}--{V}--{T} characteristics of silicon
	{S}chottky barrier structure},
  journal = {J. Appl. Phys.},
  year = {2015},
  volume = {117},
  pages = {044505},
  number = {4},
  month = {Jan},
  doi = {10.1063/1.4906844},
  owner = {oleg},
  timestamp = {2015.04.15}
}

@ARTICLE{Olikh2016JSem,
  author = {Olikh, O. Ya. and Voytenko, K. V. and Burbelo, R. M. and Olikh, Ja.
	M.},
  title = {Effect of ultrasound on reverse leakage current of silicon {S}chottky
	barrier structure},
  journal = {Journal of Semiconductors},
  year = {2016},
  volume = {37},
  pages = {122002},
  number = {12},
  month = {Dec},
  doi = {10.1088/1674-4926/37/12/122002},
  owner = {Admin},
  timestamp = {2017.07.28}
}

@ARTICLE{ORTIZCONDE2018,
  author = {Adelmo Ortiz--Conde and Francisco J. Garc\'{i}ía--S\'{a}ánchez},
  title = {A new approach to the extraction of single exponential diode model
	parameters},
  journal = {Solid-State Electronics},
  year = {2018},
  volume = {144},
  pages = {33--38},
  month = {Jun},
  doi = {10.1016/j.sse.2018.02.013},
  issn = {0038-1101},
  owner = {Admin},
  timestamp = {2018.05.22}
}

@ARTICLE{Ortiz1995,
  author = {Ortiz-Conde, A.. and Garsia Sanchez, F.J. and Liou, J.J. and Andrian,
	J. and Laurence, R.J. and Schmidt, P.E.},
  title = {A generalized model for a two--terminal device and its applications
	to parameter extraction},
  journal = {Solid-State Electron.},
  year = {1995},
  volume = {38},
  pages = {265--266},
  number = {1},
  month = {Jan},
  doi = {10.1016/0038-1101(94)00141-2},
  owner = {Admin},
  timestamp = {2015.01.09}
}

@ARTICLE{Ortiz1999,
  author = {Ortiz-Conde, A.. and Ma, Y. and Thomson, J. and Santos, E. and Liou,
	J.J. and Garsia Sanchez, F.J. and Lei, M. and Finol, J. and Layman,
	P.},
  title = {Direct extraction of semiconductor device parameters using lateral
	optimization method},
  journal = {Solid-State Electron.},
  year = {1999},
  volume = {43},
  pages = {845--848},
  number = {4},
  month = {Apr},
  doi = {10.1016/S0038-1101(99)00044-1},
  owner = {Admin},
  timestamp = {2015.01.09}
}

@ARTICLE{Ortiz2005,
  author = {Adelmo Ortiz-Conde and Francisco J. Garsia Sanchez},
  title = {Extraction of non--ideal junction model parameters from the explicit
	analytic solutions of its {I}--{V} characteristics},
  journal = {Solid-State Electron.},
  year = {2005},
  volume = {49},
  pages = {465--472},
  number = {3},
  month = {Mar},
  doi = {10.1016/j.sse.2004.12.001},
  owner = {Admin},
  timestamp = {2015.01.09}
}

@Article{OlikhSSC,
  author    = {I.V. Ostrovskii and O.Ya. Olikh},
  title     = {Characterization of interface deep levels in As vapor grown EPI--{G}a{A}s},
  journal   = {Solid State Commun.},
  year      = {1998},
  volume    = {107},
  number    = {7},
  pages     = {341--343},
  month     = {Jul},
  doi       = {10.1016/S0038-1098(98)00236-1},
  owner     = {Admin},
  timestamp = {2018.03.17},
}

@ARTICLE{TLBO_Patel,
  author = {Sanjaykumar J. Patel and Ashish K. Panchal and Vipul Kheraj},
  title = {Extraction of solar cell parameters from a single current--voltage
	characteristic using teaching learning based optimization algorithm},
  journal = {Applied Energy},
  year = {2014},
  volume = {119},
  pages = {384--393},
  month = {Apr},
  doi = {10.1016/j.apenergy.2014.01.027},
  owner = {oleg},
  timestamp = {2014.12.25}
}

@ARTICLE{Noise:Roy,
  author = {Roy, Indrajit G.},
  title = {On estimating differential conductance from noisy {I}--{V} measurements
	in delineating device parameters},
  journal = {Acta Electrotechnica et Informatic},
  year = {2017},
  volume = {17},
  pages = {3--8},
  number = {4},
  month = {Dec},
  doi = {10.15546/aeei-2017-0027},
  owner = {Admin},
  timestamp = {2018.02.12}
}

@ARTICLE{T0:Saxena,
  author = {A.N. Saxena},
  title = {Forward current-voltage characteristics of {S}chottky barriers on
	n--type silicon},
  journal = {Surf. Sci.},
  year = {1969},
  volume = {13},
  pages = {151--171},
  number = {1},
  month = {Jan},
  doi = {10.1016/0039-6028(69)90245-3},
  owner = {Admin},
  timestamp = {2015.01.10}
}

@ARTICLE{GA_Schottky,
  author = {Sellai, A. and Ouennoughi, Z.},
  title = {Extraction of illuminated solar cell and Schottky diode parameters
	using a genetic algorithm},
  journal = {Int. J. Mod. Phys. C},
  year = {2005},
  volume = {16},
  pages = {1043--1050},
  number = {7},
  month = {Jul},
  doi = {10.1142/S0129183105007704},
  owner = {Admin},
  timestamp = {2015.01.09}
}

@ARTICLE{DE:Sun,
  author = {Sun, Jianyong and Zhang, Qingfu and Tsang, Edward P.K.},
  title = {{DE}/{EDA}: {A} new evolutionary algorithm for global optimization},
  journal = {Inform. Sci.},
  year = {2005},
  volume = {169},
  pages = {249--262},
  number = {3--4},
  month = {Feb},
  doi = {10.1016/j.ins.2004.06.009},
  owner = {Admin},
  timestamp = {2018.01.07}
}

@ARTICLE{TONG2018130,
  author = {Lyuyang Tong and Minggang Dong and Chao Jing},
  title = {An improved multi--population ensemble differential evolution},
  journal = {Neurocomputing},
  year = {2018},
  volume = {290},
  pages = {130--147},
  month = {May},
  doi = {10.1016/j.neucom.2018.02.038},
  owner = {Admin},
  timestamp = {2019.10.13}
}

@ARTICLE{DEWang,
  author = {Kaier Wang and Meiying Ye},
  title = {Parameter determination of {S}chottky--barrier diode model using
	differential evolution},
  journal = {Solid-State Electron.},
  year = {2009},
  volume = {53},
  pages = {234--240},
  number = {2},
  month = {Feb},
  doi = {10.1016/j.sse.2008.11.010},
  owner = {oleg},
  timestamp = {2014.12.25}
}

@ARTICLE{Werner,
  author = {Jurgen H. Werner},
  title = {Schottky Barrier and pn-Junction I/V Plots--Small Signal Evaluation},
  journal = {Appl. Phys. A},
  year = {1988},
  volume = {47},
  pages = {291--300},
  number = {3},
  month = {Nov},
  doi = {10.1007/BF00615935},
  owner = {oleg},
  timestamp = {2014.12.25}
}

@Article{IJAYA,
  author    = {Kunjie Yu and J.J. Liang and B.Y. Qu and Xu Chen and Heshan Wang},
  journal   = {Energy Conversion and Management},
  title     = {Parameters identification of photovoltaic models using an improved {JAYA} optimization algorithm},
  year      = {2017},
  month     = {Oct},
  pages     = {742--753},
  volume    = {150},
  doi       = {10.1016/j.enconman.2017.08.063},
  owner     = {Admin},
  timestamp = {2020.08.16},
}

@ARTICLE{LambertSC_Zhang,
  author = {Chunfu Zhang and Jincheng Zhang and Yue Hao and Zhenhua Lin and Chunxiang
	Zhu},
  title = {A simple and efficient solar cell parameter extraction method from
	a single current-voltage curve},
  journal = {J. Appl. Phys.},
  year = {2011},
  volume = {110},
  pages = {064504},
  number = {6},
  month = {Sep},
  doi = {10.1063/1.3632971},
  owner = {oleg},
  timestamp = {2014.12.25}
}

@Article{OlikhJPS,
  author  = {Olikh, O. Ya. and Zavhorodnii, O. V.},
  journal = {Journal of Physical Studies},
  title   = {Modeling of ideality factor value in $n^+$--$p$--$p^+$--Si structure},
  year    = {2020},
  number  = {4},
  pages   = {4701},
  volume  = {24},
  doi     = {10.30970/jps.24.4701},
}

@Article{EBLSHADE,
  author  = {Ali W. Mohamed and Anas A. Hadi and Kamal M. Jambi},
  title   = {Novel mutation strategy for enhancing {SHADE} and {LSHADE} algorithms for global numerical optimization},
  journal = {Swarm Evol. Comput.},
  year    = {2019},
  volume  = {50},
  pages   = {100455},
  month   = {Nov},
  doi     = {10.1016/j.swevo.2018.10.006},
}

@Article{SCparam2017,
  author  = {Paviet-Salomon, Bertrand and Levrat, Jacques and Fakhfouri, Vahid and Pelet, Yanik and Rebeaud, Nicolas and Despeisse, Matthieu and Ballif, Christophe},
  title   = {New guidelines for a more accurate extraction of solar cells and modules key data from their current–voltage curves},
  journal = {Prog. Photovoltaics Res. Appl.},
  year    = {2017},
  volume  = {25},
  number  = {7},
  pages   = {623--635},
  month   = {Jul},
  doi     = {10.1002/pip.2872},
}

@Article{GORB2020,
  author  = {A.M. Gorb and O.A. Korotchenkov and O.Ya. Olikh and A.O. Podolian and R.G. Chupryna},
  title   = {Influence of $\gamma$--irradiation and ultrasound treatment on current mechanism in Au-SiO$_2$-Si structure},
  journal = {Solid-State Electron.},
  year    = {2020},
  volume  = {165},
  pages   = {107712},
  month   = {Mar},
  doi     = {10.1016/j.sse.2019.107712},
}

@Article{JIOMICS,
  author  = {Olikh, O. and Kostylyov, V. and Vlasiuk, V. and Korkishko R.},
  journal = {Journal of integrated OMICS, 2021},
  title   = {Acoustically Induced Acceleration of Iron Migration in Silicon Solar Cells},
  year    = {2021},
  number  = {1},
  pages   = {1-2},
  volume  = {11},
  doi     = {https://doi.org/10.5584/jiomics.v11i1.199},
}

@Article{Olikh2020JEM,
  author  = {Olikh, Y. and Tymochko, M. and Olikh, O.},
  journal = {J. Electron. Mater.},
  title   = {Mechanisms of Two-Stage Conductivity Relaxation in CdTe:Cl with Ultrasound},
  year    = {2020},
  month   = {Aug},
  number  = {8},
  pages   = {4524–453},
  volume  = {49},
  doi     = {10.1007/s11664-020-08179-7},
}

@Conference{2021CMLTP,
  author    = {Olikh, O. and Kostylyov, V. and Vlasiuk, V. and Korkishko, R.},
  title     = {Estimation of Iron Concenration in Silicon Solar Cell by Kinetics of Light-Induced Change in Short-Circuit Current},
  booktitle = {II International Advanced Study Conference Condensed Matter and Low Temperature Physics CM\&LTP 2021. Book of Abstracts. Kharkiv, Ukraine.},
  year      = {2021},
  pages     = {191},
  address   = {Kharkiv},
}

@Article{TreeDiode,
  author  = {Hallam, Brett J. and Hamer, Phill G. and Bonilla, Ruy S. and Wenham, Stuart R. and Wilshaw, Peter R.},
  title   = {Method of Extracting Solar Cell Parameters From Derivatives of Dark I–V Curves},
  journal = {IEEE Journal of Photovoltaics},
  year    = {2017},
  volume  = {7},
  number  = {5},
  pages   = {1304-1312},
  month   = {Sep},
  doi     = {10.1109/JPHOTOV.2017.2731778},
}

@InProceedings{ICECCME21,
  author    = {Vlasiuk, Viktor and Korkishko, Roman and Kostylyov, Vitaliy and Olikh, Oleg},
  title     = {Kinetics of Light-Induced Processes Due to Iron Impurities in Silicon Solar Cells},
  booktitle = {2021 International Conference on Electrical, Computer, Communications and Mechatronics Engineering (ICECCME)},
  year      = {2021},
  pages     = {1-6},
  doi       = {10.1109/ICECCME52200.2021.9591025},
}

@Article{ADELI,
  author  = {Qiujun Huang and Kai Zhang and Jinchun Song and Yimin Zhang and Jia Shi},
  journal = {Inform. Sci.},
  title   = {Adaptive differential evolution with a Lagrange interpolation argument algorithm},
  year    = {2019},
  month   = {Jan},
  pages   = {180-202},
  volume  = {472},
  doi     = {10.1016/j.ins.2018.09.004},
}

@Article{CWOA,
  author  = {Diego Oliva and Mohamed {Abd El Aziz} and Aboul {Ella Hassanien}},
  journal = {Appl. Energy},
  title   = {Parameter estimation of photovoltaic cells using an improved chaotic whale optimization algorithm},
  year    = {2017},
  month   = {Aug},
  pages   = {141-154},
  volume  = {200},
  doi     = {10.1016/j.apenergy.2017.05.029},
}

@Article{GOTLBO,
  author  = {Xu Chen and Kunjie Yu and Wenli Du and Wenxiang Zhao and Guohai Liu},
  journal = {Energy},
  title   = {Parameters identification of solar cell models using generalized oppositional teaching learning based optimization},
  year    = {2016},
  month   = {Mar},
  pages   = {170-180},
  volume  = {99},
  doi     = {10.1016/j.energy.2016.01.052},
}

@Article{SCA,
  author  = {Seyedali Mirjalili},
  journal = {Knowledge-Based Systems},
  title   = {{SCA}: A Sine Cosine Algorithm for solving optimization problems},
  year    = {2016},
  month   = {Mar},
  pages   = {120-133},
  volume  = {96},
  doi     = {10.1016/j.knosys.2015.12.022},
}

@Article{ISCA2,
  author  = {Wen Long and Tiebin Wu and Ximing Liang and Songjin Xu},
  journal = {Expert Syst. Appl.},
  title   = {Solving high-dimensional global optimization problems using an improved sine cosine algorithm},
  year    = {2019},
  month   = {Jun},
  pages   = {108-126},
  volume  = {123},
  doi     = {https://doi.org/10.1016/j.eswa.2018.11.032},
}

@Article{NDE,
  author  = {Mengnan Tian and Xingbao Gao},
  journal = {Inform. Sci.},
  title   = {Differential evolution with neighborhood-based adaptive evolution mechanism for numerical optimization},
  year    = {2019},
  month   = {Apr},
  pages   = {422-448},
  volume  = {478},
  doi     = {10.1016/j.ins.2018.11.021},
}

@Article{NNA,
  author  = {Ali Sadollah and Hassan Sayyaadi and Anupam Yadav},
  journal = {Appl. Soft Comput.},
  title   = {A dynamic metaheuristic optimization model inspired by biological nervous systems: Neural network algorithm},
  year    = {2018},
  month   = {Oct},
  pages   = {747-782},
  volume  = {71},
  doi     = {https://doi.org/10.1016/j.asoc.2018.07.039},
}

@Article{PSO,
  author  = {Ye, Meiying and Wang, Xiaodong and Xu, Yousheng},
  journal = {J. Appl. Phys.},
  title   = {{Parameter extraction of solar cells using particle swarm optimization}},
  year    = {2009},
  month   = {May},
  number  = {9},
  pages   = {094502},
  volume  = {105},
  doi     = {10.1063/1.3122082},
}

@Article{STLBO,
  author  = {Qun Niu and Hongyun Zhang and Kang Li},
  journal = {Int. J. Hydrogen Energy},
  title   = {An improved {TLBO} with elite strategy for parameters identification of {PEM} fuel cell and solar cell models},
  year    = {2014},
  month   = {Mar},
  number  = {8},
  pages   = {3837-3854},
  volume  = {39},
  doi     = {https://doi.org/10.1016/j.ijhydene.2013.12.110},
}

@Article{WW,
  author  = {Yu-Jun Zheng},
  journal = {Comput. Oper. Res.},
  title   = {Water wave optimization: A new nature-inspired metaheuristic},
  year    = {2015},
  month   = {Mar},
  pages   = {1-11},
  volume  = {55},
  doi     = {https://doi.org/10.1016/j.cor.2014.10.008},
}

@Article{Castro2010,
  author  = {Fernando Araujo de Castro and Jakob Heier and Frank Alain N{\"u}esch and Roland Hany},
  journal = {IEEE J. Sel. Top. Quantum Electron.},
  title   = {Origin of the Kink in Current-Density Versus Voltage Curves and Efficiency Enhancement of Polymer--{C}$_{60}$ Heterojunction Solar Cells},
  year    = {2010},
  month   = nov,
  number  = {6},
  pages   = {1690-1699},
  volume  = {16},
  doi     = {10.1109/JSTQE.2010.2040807},
}

@Article{Tada2021,
  author  = {Tada, Kazuya},
  journal = {Phys. Status Solidi A},
  title   = {Bayesian Estimation of Equivalent Circuit Parameters of Photovoltaic Cell with {S}--Shaped Current–Voltage Characteristic},
  year    = {2021},
  month   = {Dec},
  number  = {24},
  pages   = {2100403},
  volume  = {218},
  doi     = {10.1002/pssa.202100403},
}

@Article{Tada2015Organic,
  author  = {Tada, Kazuya},
  journal = {Phys. Status Solidi A},
  title   = {Parameter extraction from {S}-shaped current–voltage characteristics in organic photocell with opposed two-diode model: Effects of ideality factors and series resistance},
  year    = {2015},
  month   = {Aug},
  number  = {8},
  pages   = {1731-1734},
  volume  = {212},
  doi     = {10.1002/pssa.201431877},
}







@Article{CastroUsePerovskitIonikLiquid,
  author  = {Verkhogliadov, Grigorii and Mahmoodpoor, Abolfazl and Voroshilov, Pavel and Haroldson, Ross and Alahbakhshi, Masoud and Nasibulin, Albert G. and Makarov, Sergey V. and Zakhidov, Anvar A.},
  journal = {ACS Materials Au},
  title   = {Photoinduced Self-Gating of Perovskite Photovoltaic Cells in Ionic Liquid},
  year    = {2023},
  number  = {0},
  pages   = {null},
  volume  = {0},
  doi     = {10.1021/acsmaterialsau.3c00006},
}

@Article{CastroUsePerovskitFullerene,
  author  = {Mahmoodpoor, Abolfazl and Verkhogliadov, Grigorii and Melnikov, Roman and Saranin, Danila S. and Voroshilov, Pavel M. and Sapori, Daniel and Haroldson, Ross and Nasibulin, Albert G. and Ishteev, Arthur R. and Ulyantsev, Vladimir and Makarov, Sergey V. and Zakhidov, Anvar A.},
  journal = {Energy Technology},
  title   = {Ionic Liquid Gating in Perovskite Solar Cells with Fullerene/Carbon Nanotube Collectors},
  year    = {2022},
  month   = {Jul},
  number  = {9},
  pages   = {2200485},
  volume  = {10},
  doi     = {10.1002/ente.202200485},
}

@Book{CastroUseBook,
  editor    = {Dakin, J.P., and Brown, R.G.W.},
  publisher = {CRC Press.},
  title     = {Handbook of Optoelectronics: Enabling Technologies (Volume Two)},
  year      = {2017},
  edition   = {2nd},
  doi       = {10.1201/9781315156996},
}

@InProceedings{SshapeRewShot,
  author    = {García-Sánchez, Francisco J. and Romero, Beatriz},
  booktitle = {2019 8th International Symposium on Next Generation Electronics (ISNE)},
  title     = {Equivalent Circuit Models for Next Generation Photovoltaic Devices with {S}-shaped {I}-{V} Curves},
  year      = {2019},
  pages     = {1-4},
  doi       = {10.1109/ISNE.2019.8896544},
}

@Article{CastroSolution,
  author  = {B. Romero and G. {del Pozo} and B. Arredondo},
  journal = {Sol. Energy},
  title   = {Exact analytical solution of a two diode circuit model for organic solar cells showing {S}--shape using {L}ambert {W}--functions},
  year    = {2012},
  month   = {Oct},
  number  = {10},
  pages   = {3026--3029},
  volume  = {86},
  doi     = {10.1016/j.solener.2012.07.010},
}

@Article{LambertNew,
  author  = {Lajos Lóczi},
  journal = {Appl. Math. Comput.},
  title   = {Guaranteed- and high-precision evaluation of the {L}ambert {W} function},
  year    = {2022},
  month   = {Nov},
  pages   = {127406},
  volume  = {433},
  doi     = {10.1016/j.amc.2022.127406},
}

@Misc{roberts2015calculating,
  author        = {Ken Roberts and S. R. Valluri},
  title         = {On Calculating the Current-Voltage Characteristic of Multi-Diode Models for Organic Solar Cells},
  year          = {2015},
  archiveprefix = {arXiv},
  doi           = {10.48550/arXiv.1601.02679},
  eprint        = {1601.02679},
  primaryclass  = {physics.comp-ph},
}

@Article{WhiteShark,
  author  = {Malik Braik and Abdelaziz Hammouri and Jaffar Atwan and Mohammed Azmi Al-Betar and Mohammed A. Awadallah},
  journal = {Knowledge-Based Systems},
  title   = {White Shark Optimizer: A novel bio-inspired meta-heuristic algorithm for global optimization problems},
  year    = {2022},
  month   = {May},
  pages   = {108457},
  volume  = {243},
  doi     = {10.1016/j.knosys.2022.108457},
}

@Article{Gannet,
  author  = {Jeng-Shyang Pan and Li-Gang Zhang and Ruo-Bin Wang and Václav Snášel and Shu-Chuan Chu},
  journal = {Math. Comput. Simulation},
  title   = {Gannet optimization algorithm : A new metaheuristic algorithm for solving engineering optimization problems},
  year    = {2022},
  month   = {Dec},
  pages   = {343-373},
  volume  = {202},
  doi     = {10.1016/j.matcom.2022.06.007},
}

@Article{Dandelion,
  author  = {Shijie Zhao and Tianran Zhang and Shilin Ma and Miao Chen},
  journal = {Eng. Appl. Artif. Intell.},
  title   = {Dandelion Optimizer: A nature-inspired metaheuristic algorithm for engineering applications},
  year    = {2022},
  month   = {Sep},
  pages   = {105075},
  volume  = {114},
  doi     = {10.1016/j.engappai.2022.105075},
}

@InProceedings{Tanabe2014,
  author    = {Tanabe, Ryoji and Fukunaga, Alex S.},
  booktitle = {2014 IEEE Congress on Evolutionary Computation (CEC)},
  title     = {Improving the search performance of SHADE using linear population size reduction},
  year      = {2014},
  pages     = {1658-1665},
  doi       = {10.1109/CEC.2014.6900380},
}

@Article{WOA,
  author  = {Seyedali Mirjalili and Andrew Lewis},
  journal = {Adv. Eng. Software},
  title   = {The Whale Optimization Algorithm},
  year    = {2016},
  month   = {May},
  pages   = {51-67},
  volume  = {95},
  doi     = {10.1016/j.advengsoft.2016.01.008},
}

@Article{JAYA,
  author  = {R. Rao},
  journal = {International Journal of Industrial Engineering Computations},
  title   = {Jaya: A simple and new optimization algorithm for solving constrained and unconstrained optimization problems},
  year    = {2016},
  pages   = {19-34},
  volume  = {7},
  doi     = {10.5267/J.IJIEC.2015.8.004},
}

@Article{ISCA3,
  author  = {Shubham Gupta and Kusum Deep},
  journal = {Expert Syst. Appl.},
  title   = {A hybrid self-adaptive sine cosine algorithm with opposition based learning},
  year    = {2019},
  month   = {Apr},
  pages   = {210-230},
  volume  = {119},
  doi     = {10.1016/j.eswa.2018.10.050},
}

@Article{LSHADE,
  author  = {Partha P. Biswas and P.N. Suganthan and Guohua Wu and Gehan A.J. Amaratunga},
  journal = {Renew. Energ.},
  title   = {Parameter estimation of solar cells using datasheet information with the application of an adaptive differential evolution algorithm},
  year    = {2019},
  month   = {Mar},
  pages   = {425-438},
  volume  = {132},
  doi     = {10.1016/j.renene.2018.07.152},
}

@Article{IWOA,
  author  = {Guojiang Xiong and Jing Zhang and Dongyuan Shi and Yu He},
  journal = {Energy Convers. Manage.},
  title   = {Parameter extraction of solar photovoltaic models using an improved whale optimization algorithm},
  year    = {2018},
  month   = {Oct},
  pages   = {388-405},
  volume  = {174},
  doi     = {10.1016/j.enconman.2018.08.053},
}

@Article{NFL,
  author  = {Wolpert, D.H. and Macready, W.G.},
  journal = {IEEE Trans. Evol. Comput.},
  title   = {No free lunch theorems for optimization},
  year    = {1997},
  month   = {Apr},
  number  = {1},
  pages   = {67-82},
  volume  = {1},
  doi     = {10.1109/4235.585893},
}

@BOOK{Sze2012,
  title = {Semiconductor Devices: Physics and Technology},
  publisher = {John Wiley \& Sons, Inc},
  year = {2012},
  author = {Sze, S. M. and Lee, M.K.},
  address = {New York},
  edition = {Third},
  numpages = {578},
  owner = {Admin}
}







@Article{Kondratenko2019,
  author  = {Kondratenko, Serhiy and Lysenko, Volodymyr and Gomeniuk, Yury V. and Kondratenko, Olga and Kozyrev, Yury and Selyshchev, Oleksandr and Dzhagan, Volodymyr and Zahn, Dietrich R. T.},
  journal = {ACS Appl. Energy Mater.},
  title   = {Charge Carrier Transport, Trapping, and Recombination in PEDOT:PSS/n-Si Solar Cells},
  year    = {2019},
  number  = {8},
  pages   = {5983-5991},
  volume  = {2},
  doi     = {10.1021/acsaem.9b01083},
}

@Article{Green2003,
  author    = {Green, Martin A.},
  journal   = {Progress in Photovoltaics: Research and Applications},
  title     = {General temperature dependence of solar cell performance and implications for device modelling},
  year      = {2003},
  month     = {Aug},
  number    = {5},
  pages     = {333--340},
  volume    = {11},
  doi       = {10.1002/pip.496},
  owner     = {Admin},
  timestamp = {2018.02.09},
}

@Article{Eberle2021,
  author  = {Rebekka Eberle and Andreas Fell and Florian Schindler and Jibran Shahid and Martin C. Schubert},
  journal = {Sol. Energ. Mat. Sol.},
  title   = {Breakdown of temperature sensitivity of silicon solar cells by simulation input parameters},
  year    = {2021},
  month   = {Jan},
  pages   = {110836},
  volume  = {219},
  doi     = {10.1016/j.solmat.2020.110836},
}

@Article{Ibrahim2017,
  author  = {Haider Ibrahim and Nader Anani},
  journal = {Energy Procedia},
  title   = {Variations of {PV} module parameters with irradiance and temperature},
  year    = {2017},
  month   = {Oct},
  pages   = {276-285},
  volume  = {134},
  doi     = {10.1016/j.egypro.2017.09.617},
}

@Article{Bradaschia2019,
  author  = {Bradaschia, Fabricio and Cavalcanti, Marcelo C. and do Nascimento, Aguinaldo José and da Silva, Emerson Alves and de Souza Azevedo, Gustavo Medeiros},
  journal = {IEEE J. Photovolt.},
  title   = {Parameter Identification for {PV} Modules Based on an Environment-Dependent Double-Diode Model},
  year    = {2019},
  number  = {5},
  pages   = {1388-1397},
  volume  = {9},
  doi     = {10.1109/JPHOTOV.2019.2923336},
}

@Article{TuanLe2021,
  author  = {Anh Huy {Tuan Le} and Rabin Basnet and Di Yan and Wenhao Chen and Naomi Nandakumar and Shubham Duttagupta and Johannes P. Seif and Ziv Hameiri},
  journal = {Sol. Energ. Mat. Sol.},
  title   = {Temperature-dependent performance of silicon solar cells with polysilicon passivating contacts},
  year    = {2021},
  month   = {Jun},
  pages   = {111020},
  volume  = {225},
  doi     = {10.1016/j.solmat.2021.111020},
}

@Article{Dupre2016,
  author  = {Dupré, Olivier and Vaillon, Rodolphe and Green, Martin A.},
  journal = {IEEE J. Photovolt.},
  title   = {Experimental Assessment of Temperature Coefficient Theories for Silicon Solar Cells},
  year    = {2016},
  number  = {1},
  pages   = {56-60},
  volume  = {6},
  doi     = {10.1109/JPHOTOV.2015.2489864},
}

@Article{Riesen2016,
  author  = {Riesen, Y. and Stuckelberger, M. and Haug, F.-J. and Ballif, C. and Wyrsch, N.},
  journal = {J. Appl. Phys.},
  title   = {{Temperature dependence of hydrogenated amorphous silicon solar cell performances}},
  year    = {2016},
  month   = {Jan},
  number  = {4},
  pages   = {044505},
  volume  = {119},
  doi     = {10.1063/1.4940392},
}

@Article{Rana2018,
  author  = {Rana, Aniket and Kumar, Amit and Chand, Suresh and Singh, Rajiv K.},
  journal = {J. Appl. Phys.},
  title   = {{Exploring deep defect state impact on open circuit voltage of conventional and inverted organic solar cells}},
  year    = {2018},
  month   = {09},
  number  = {10},
  pages   = {103101},
  volume  = {124},
  doi     = {10.1063/1.5045099},
}

@Article{Derrac2011,
  author  = {Joaquín Derrac and Salvador García and Daniel Molina and Francisco Herrera},
  journal = {Swarm Evol. Comput.},
  title   = {A practical tutorial on the use of nonparametric statistical tests as a methodology for comparing evolutionary and swarm intelligence algorithms},
  year    = {2011},
  month   = {Mar},
  number  = {1},
  pages   = {3-18},
  volume  = {1},
  doi     = {10.1016/j.swevo.2011.02.002},
}

@Article{IntelligentChaoticClonal,
  author  = {Vahideh Sahargahi and Vahid Majidnezhad and Saeid Taghavi Afshord and Yasser Jafari},
  journal = {Appl. Soft Comput.},
  title   = {An intelligent chaotic clonal optimizer},
  year    = {2022},
  month   = {Jan},
  pages   = {108126},
  volume  = {115},
  doi     = {10.1016/j.asoc.2021.108126},
}

@Article{Divya2023,
  author  = {A. Divya and T. Adish and P. Kaustubh and P.S. Zade},
  journal = {Sol. Energ. Mat. Sol.},
  title   = {Review on recycling of solar modules/panels},
  year    = {2023},
  month   = {May},
  pages   = {112151},
  volume  = {253},
  doi     = {https://doi.org/10.1016/j.solmat.2022.112151},
}

@Article{Wang2022,
  author  = {Xiaopu Wang and Xinyi Tian and Xiaodong Chen and Lingling Ren and Chunxiang Geng},
  journal = {Sol. Energ. Mat. Sol.},
  title   = {A review of end-of-life crystalline silicon solar photovoltaic panel recycling technology},
  year    = {2022},
  month   = {Dec},
  pages   = {111976},
  volume  = {248},
  doi     = {https://doi.org/10.1016/j.solmat.2022.111976},
}

@Article{Sesa2019,
  author  = {Sesa, Elisa and Darwis, Darmawati and Zhou, Xiaojing and Belcher, Warwick J. and Dastoor, Paul C.},
  journal = {AIP Adv.},
  title   = {{Experimental determination of the relationship between the elements of a back-to-back diode model for organic photovoltaic cells’ S-shaped I-V characteristics and cell structure}},
  year    = {2019},
  month   = {Feb},
  number  = {2},
  pages   = {025014},
  volume  = {9},
  doi     = {10.1063/1.5063467},
}

@Article{Zuo2014,
  author  = {Lijian Zuo and Jizhong Yao and Hanying Li and Hongzheng Chen},
  journal = {Sol. Energ. Mat. Sol.},
  title   = {Assessing the origin of the {S}-shaped {I–V} curve in organic solar cells: {A}n improved equivalent circuit model},
  year    = {2014},
  month   = {Mar},
  pages   = {88-93},
  volume  = {122},
  doi     = {https://doi.org/10.1016/j.solmat.2013.11.018},
}

@Article{Finck2013,
  author  = {Finck, B. Y. and Schwartz, B. J.},
  journal = {Appl. Phys. Lett.},
  title   = {{Understanding the origin of the S-curve in conjugated polymer/fullerene photovoltaics from drift-diffusion simulations}},
  year    = {2013},
  month   = {Jul},
  number  = {5},
  pages   = {053306},
  volume  = {103},
  doi     = {10.1063/1.4817396},
}

@Article{GarciaSanchez2013,
  author  = {García-Sánchez, Francisco J. and Lugo-Muñoz, Denise and Muci, Juan and Ortiz-Conde, Adelmo},
  journal = {IEEE J. Photovolt.},
  title   = {Lumped Parameter Modeling of Organic Solar Cells’ {S}-Shaped {I–V} Characteristics},
  year    = {2013},
  number  = {1},
  pages   = {330-335},
  volume  = {3},
  doi     = {10.1109/JPHOTOV.2012.2219503},
}

@Article{Romero2015,
  author  = {Romero, B. and del Pozo, G. and Arredondo, B. and Reinhardt, J. P. and Sessler, M. and Würfel, U.},
  journal = {IEEE J. Photovolt.},
  title   = {Circuital Model Validation for S-Shaped Organic Solar Cells by Means of Impedance Spectroscopy},
  year    = {2015},
  number  = {1},
  pages   = {234-237},
  volume  = {5},
  doi     = {10.1109/JPHOTOV.2014.2362978},
}

@Article{Mazhari2006,
  author  = {B. Mazhari},
  journal = {Sol. Energ. Mat. Sol.},
  title   = {An improved solar cell circuit model for organic solar cells},
  year    = {2006},
  number  = {7},
  pages   = {1021-1033},
  volume  = {90},
  doi     = {https://doi.org/10.1016/j.solmat.2005.05.017},
}

@Article{Romero2017,
  author  = {Romero, Beatriz and del Pozo, Gonzalo and Arredondo, Belén and Martín-Martín, Diego and Gordoa, María P. Ruiz and Pickering, Andrew and Pérez-Rodríguez, Ana and Barrena, Esther and García-Sánchez, Francisco J.},
  journal = {IEEE Trans. Electron Devices},
  title   = {S-Shaped ${I}$ – ${V}$ Characteristics of Organic Solar Cells: Solving Mazhari’s Lumped-Parameter Equivalent Circuit Model},
  year    = {2017},
  number  = {11},
  pages   = {4622-4627},
  volume  = {64},
  doi     = {10.1109/TED.2017.2749411},
}







@Article{Gao2011,
  author  = {Gao, Jianbo and Luther, Joseph M. and Semonin, Octavi E. and Ellingson, Randy J. and Nozik, Arthur J. and Beard, Matthew C.},
  journal = {Nano Lett.},
  title   = {Quantom Dot Size Dependent {J-V} Characteristics in Heterojunction {ZnO/PbS} Quantum Dot Solar Cells},
  year    = {2011},
  number  = {3},
  pages   = {1002-1008},
  volume  = {11},
  doi     = {10.1021/nl103814g},
}

@Article{BrenesBadilla2018,
  author   = {Brenes-Badilla, D. and Coutinho, D. J. and Amorim, D. R. B. and Faria, R. M. and Salvadori, M. C.},
  journal  = {J. Appl. Phys.},
  title    = {{Reversing an S-kink effect caused by interface degradation in organic solar cells through gold ion implantation in the PEDOT:PSS layer}},
  year     = {2018},
  month    = {04},
  number   = {15},
  pages    = {155502},
  volume   = {123},
  abstract = {{In this work, we performed a study on the recovery of the photovoltaic performance of an ITO/PEDOT:PSS/P3HT:PCBM/Ca/Al solar cell after the hole transport layer (PEDOT:PSS) had been degraded by contact with the environment. A device that was fully built in an inert environment exhibited a fill factor (FF) of 0.64, while the device whose hole transport layer was exposed to air presented a FF equal to 0.2. In addition, the J-V characteristic curve of the degraded device did not follow the photovoltaic pattern exhibiting the degenerate S shape. However, the elimination of the deleterious effect was achieved by bombarding gold ions on the contaminated surface of PEDOT:PSS by means of the Metal Plasma Immersion Ion Implantation technique. Due to the low energy of the ionic beam of gold, the implanted gold atoms were located at few nanometers off the surface, forming nanometric clusters, that is, gold nanoparticles. Most probably, the degradation of the J-V photovoltaic curve, represented by the S-kink effect, was caused by the appearance of a potential barrier at PEDOT:PSS/P3HT:PCBM interface, which was demolished by the gold nanoparticles that have work function close to HOMO of P3HT. This S-kink effect was also simulated by using an equivalent circuit model constituted by a two-diode circuit, one of which plays the role of the undesirable potential barrier formed at the PEDOT:PSS/P3HT:PCBM interface. Our analysis shows that deposition of gold nanoparticles next to the interface recovers the good hole injection condition from the PEDOT:PSS into the active layer, restoring the fill factor and the device efficiency.}},
  doi      = {10.1063/1.5017672},
}

@Article{Yu2019,
  author  = {Fei Yu and Gongyi Huang and Wei Lin and Chuanzhong Xu},
  journal = {Sol. Energy},
  title   = {An analysis for {S}-shaped {I-V} characteristics of organic solar cells using lumped-parameter equivalent circuit model},
  year    = {2019},
  pages   = {229-240},
  volume  = {177},
  doi     = {10.1016/j.solener.2018.11.011},
}

@Article{Gaur2014,
  author  = {Gaur, Ankita and Kumar, Pankaj},
  journal = {Prog. Photovoltaics Res. Appl.},
  title   = {An improved circuit model for polymer solar cells},
  year    = {2014},
  number  = {9},
  pages   = {937-948},
  volume  = {22},
  doi     = {10.1002/pip.2345},
}

@Article{DeCastro2016,
  author  = {Fernando {De Castro} and Antonino Laudani and Francesco {Riganti Fulginei} and Alessandro Salvini},
  journal = {Sol. Energy},
  title   = {An in-depth analysis of the modelling of organic solar cells using multiple-diode circuits},
  year    = {2016},
  issn    = {0038-092X},
  pages   = {590-597},
  volume  = {135},
  doi     = {10.1016/j.solener.2016.06.033},
}

@InProceedings{Roland2016,
  author    = {Roland, Paul J. and Bhandari, Khagendra P. and Ellingson, Randy J.},
  booktitle = {2016 IEEE 43rd Photovoltaic Specialists Conference (PVSC)},
  title     = {Electronic circuit model for evaluating {S}-kink distorted current-voltage curves},
  year      = {2016},
  pages     = {3091-3094},
  doi       = {10.1109/PVSC.2016.7750234},
}

@Article{Saive2019,
  author  = {Saive, Rebecca},
  journal = {IEEE J. Photovolt.},
  title   = {S-Shaped Current–Voltage Characteristics in Solar Cells: A Review},
  year    = {2019},
  number  = {6},
  pages   = {1477-1484},
  volume  = {9},
  doi     = {10.1109/JPHOTOV.2019.2930409},
}

@Article{Tada2017,
  author  = {Kazuya Tada},
  journal = {Org. Electron.},
  title   = {Validation of opposed two-diode equivalent-circuit model for {S}-shaped characteristic in polymer photocell by low-light characterization},
  year    = {2017},
  pages   = {8-12},
  volume  = {40},
  doi     = {10.1016/j.orgel.2016.10.031},
}






@Article{Makha2018,
  author  = {Mohammed Makha and Philippe Schwaller and Karen Strassel and Surendra B. Anantharaman and Frank Nüesch and Roland Hany and Jakob Heier},
  journal = {Sci. Technol. Adv. Mater.},
  title   = {Insights into photovoltaic properties of ternary organic solar cells from phase diagrams},
  year    = {2018},
  number  = {1},
  pages   = {669-682},
  volume  = {19},
  doi     = {10.1080/14686996.2018.1509275},
}

@Article{delPozo2012,
  author  = {G. {del Pozo} and B. Romero and B. Arredondo},
  journal = {Sol. Energ. Mat. Sol.},
  title   = {Evolution with annealing of solar cell parameters modeling the S-shape of the current–voltage characteristic},
  year    = {2012},
  pages   = {81-86},
  volume  = {104},
  doi     = {10.1016/j.solmat.2012.04.048},
}

@Article{Arredondo2018,
  author  = {B. Arredondo and B. Romero and M.J. Beliatis and G. {del Pozo} and D. Martín-Martín and J.C. Blakesley and G. Dibb and F.C. Krebs and S.A. Gevorgyan and F.A. Castro},
  journal = {Sol. Energ. Mat. Sol.},
  title   = {Analysing impact of oxygen and water exposure on roll-coated organic solar cell performance using impedance spectroscopy},
  year    = {2018},
  pages   = {397-404},
  volume  = {176},
  doi     = {10.1016/j.solmat.2017.10.028},
}

@Article{Yu2019a,
  author  = {Fei Yu and Gongyi Huang and Wei Lin and Chuanzhong Xu and Wanling Deng and Xiaoyu Ma and Junkai Huang},
  journal = {Solid-State Electron.},
  title   = {Lumped-parameter equivalent circuit modeling of solar cells with {S}-shaped I-V characteristics},
  year    = {2019},
  pages   = {79-86},
  volume  = {156},
  doi     = {10.1016/j.sse.2019.03.029},
}

@Comment{jabref-meta: databaseType:bibtex;}
