@Article{Yamaguchi2018,
author={Yamaguchi, Masafumi
and Lee, Kan-Hua
and Araki, Kenji
and Kojima, Nobuaki
and Ohshita, Yoshio},
title={Analysis for efficiency potential of crystalline Si solar cells},
journal={Journal of Materials Research},
year={2018},
month={Sep},
volume={33},
number={17},
pages={2621-2626},
doi={10.1557/jmr.2018.262},
}

