@ARTICLE{7964686,
  author={Goodarzi, Mohsen and Sinton, Ronald A. and Jin, Hao and Zheng, Peiting and Chen, Wei and Wang, Quanzhi and Macdonald, Daniel},
  journal={IEEE Journal of Photovoltaics}, 
  title={Accuracy of Interstitial Iron Measurements on P-Type Multicrystalline Silicon Blocks by Quasi-Steady-State Photoconductance}, 
  year={2017},
  volume={7},
  number={5},
  pages={1216-1223},
  keywords={Iron;Silicon;Charge carrier density;Charge carrier lifetime;Semiconductor device modeling;Tools;Density measurement;Carrier lifetime;iron concentration;quasi-steady-state photoconductance (QSSPC);silicon block},
  doi={10.1109/JPHOTOV.2017.2716785}}
