@Article{Paul2024,
author={Paul, M. Justin
and Suresh, R.
and Gayathri, P.
and Balasubramani, V.
and Al-Anazi, Khalid Mashay
and Farah, Mohammad Abul},
title={CuO-La2O3 Composite-Enabled MIS Schottky Barrier Diodes: A Novel Approach to Optoelectronic Device Diversification},
journal={Journal of Inorganic and Organometallic Polymers and Materials},
year={2024},
month={Aug},
doi={10.1007/s10904-024-03277-z},
}

